3817 6075
151 285 220 349 1549
604 287 835 349 FRAGMENTA
859 286 900 350 IN
920 288 1015 350 tert
1031 289 1324 355 neosuoionun.
1709 290 1777 359 lton

189 418 199 451 ι
223 398 328 471 Πολλῆς
344 399 373 454 δέ
390 399 529 473 ζητήσεως
548 400 708 471 γενομένης.
728 419 738 452 ι
951 409 975 467 Α
1031 403 1115 459 isus.
1126 406 1152 459 i.
1169 405 1260 461 «ilum
1275 415 1365 461 entem
1381 420 1477 477 ποςυο
1489 403 1774 479 conquisitionem.»

187 492 248 544 Ὅτι
270 491 334 554 τούς
358 494 423 562 περὶ
449 491 593 562 δογμάτων
619 492 716 562 λύγοις
743 492 814 563 μετὰ
836 493 938 564 πολλῆς
1025 493 1127 566 Nempe
1144 510 1206 551 cunr
1223 511 1322 567 magns
1332 498 1533 567 conquisitione
1546 506 1573 554 ot
1595 512 1693 569 magns
1712 497 1776 553 diii·

148 580 290 653 ζητήσεως
306 581 446 635 ἐποιοῦντο
463 584 487 636 ui
508 582 591 638 παλαι
607 582 713 651 πιστοί,
729 582 778 636 καλ
792 581 861 653 μετὰ
875 583 939 635 πολ·
990 588 1078 656 ςοιιιίι
1098 589 1131 642 de
1142 588 1314 659 dugnrutihus
1335 588 1519 646 decernebant
1540 577 1649 647 ueteres
1662 589 1776 658 θύοίιιες

146 672 196 744 λῆς
210 672 346 743 σπουδῆς·
362 674 409 726 καλ
423 674 464 727 ύτι
475 674 603 728 τοσοῦτον
614 669 649 747 Au
661 676 753 739 αὐτοῖς
763 674 938 746 ὠφεληθῆναι
990 680 1113 749 adeoque
1126 695 1174 733 sno
1185 681 1318 736 interesse
1332 681 1545 745 arbitrabuntur,
1560 691 1589 736 ut
1604 696 1657 736 non
1672 681 1779 738 dubitu-

146 764 191 819 διὰ
204 764 295 833 ιλόχων
306 774 329 830 ¹,
350 764 392 819 δτι
408 765 458 819 ούκ
473 763 641 837 ἀπώκνησαν
658 768 682 820 oi
699 766 752 820 ύπδ
772 766 938 837 Ἀντιοχείας
990 770 1079 824 verint
1092 770 1252 826 Antiocheni
1269 772 1377 827 mittere
1389 773 1415 826 in
1429 770 1578 827 iernsuiem
1594 776 1627 827 ού
1637 773 1778 843 inquiron-

146 856 256 927 πέμψαι
271 857 312 920 είς
333 855 514 928 Ἰερουσαλὴμ
528 858 576 911 καί
590 858 729 930 ἐρωτῆσαι
750 858 782 913 ri
801 858 940 931 ύμφιδαλ-
990 860 1054 915 dum
1068 860 1102 914 de
1113 861 1294 917 controuersit
1304 879 1311 931 ;
1323 863 1446 932 qurumris
1458 878 1510 917 non
1524 864 1557 918 de
1569 862 1721 926 diuinitate,
1731 873 1778 918 unt

146 949 260 1020 λύμενον
277 964 285 979 ·
311 947 398 1004 καίτοι
423 950 461 1023 μῆ
475 950 664 1023 πρωτοτύπως
688 952 754 1025 περὶ
773 951 900 1024 θεότητος
922 952 938 1023 A
991 952 1024 1008 de
1041 951 1103 1008 iiiiii
1120 953 1319 1017 incarnatione,
1336 960 1383 1007 urit
1395 953 1429 1007 de
1445 953 1550 1022 Spiritu
1570 962 1674 1020 sancto,
1688 953 1778 1008 sutde

147 1041 198 1114 τῆς
215 1042 264 1096 τού
279 1041 345 1097 Υίοῦ
362 1043 566 1115 οίκονομικῆς·
590 1042 756 1116 σαρκῶσεως
775 1045 792 1117 A
813 1046 877 1117 περλ
892 1044 939 1099 τοῦ
991 1043 1166 1113 προέληται
1185 1043 1220 1098 de
1240 1043 1447 1114 principatibus.
1474 1054 1520 1097 οιιι
1535 1043 1568 1097 de
1589 1043 1670 1108 coeio,
1684 1054 1732 1097 unt
1745 1043 1779 1099 dc

148 1134 341 1206 Πνεύματος,ῆ
355 1134 514 1206 ἅγγέλων,ῆ
527 1136 629 1205 ἀρχῶν,
639 1137 656 1207 ῆ
668 1135 795 1210 ούρανοῦ,
807 1135 824 1207 ῆ
836 1136 917 1191 δλλου
930 1138 937 1174 ²
990 1132 1142 1201 hujusmodi
1155 1145 1227 1189 esset
1241 1133 1443 1203 inquirendum,
1455 1136 1502 1189 sed
1514 1135 1548 1189 de
1561 1135 1778 1199 circumcisione,

147 1226 269 1281 τοιούτου
304 1226 506 1297 (magma,
530 1228 599 1281 ἀλλὰ
637 1230 807 1301 muttonis,
841 1230 940 1300 μέρους
991 1219 1017 1273 id
1033 1228 1086 1285 est,
1107 1222 1141 1275 de
1154 1222 1266 1276 minima
1286 1234 1364 1293 parte
1385 1223 1573 1293 pudendorum
1590 1224 1715 1293 corporis
1730 1224 1780 1279 hu·

148 1315 292 1387 ἐλαχίστου
309 1316 365 1370 τῶν
386 1316 552 1387 ἀσχημόνων
566 1316 614 1371 τοῦ
631 1318 757 1389 σώματος
771 1322 819 1373 τοῦ
833 1320 938 1391 adopta.
991 1314 1077 1379 ιιιαυίς
1105 1327 1160 1368 non
1182 1314 1254 1369 enim
1278 1329 1325 1369 eos
1347 1314 1447 1370 istebat
1462 1316 1520 1369 istu
1538 1327 1779 1371 susurratricem

147 1424 200 1461 τωο
211 1425 219 1439 ·
232 1408 344 1481 Aeaeae
355 1408 410 1479 γὰρ
421 1410 463 1463 ὅτι
476 1408 547 1463 imm
558 1408 592 1463 nr
604 1410 624 1479 η
638 1411 694 1480 μνη
707 1411 810 1480 κεραίης
821 1412 875 1466 rori
888 1414 939 1466 ro.
990 1405 1054 1473 ίιρίι
1074 1407 1172 1474 apicem
1194 1406 1279 1461 multo
1308 1406 1443 1477 spirituali
1469 1421 1549 1462 sensu
1564 1421 1625 1463 esse
1639 1408 1778 1463 refertum.

144 1516 205 1568 μου
247 1499 437 1571 πνευματικῆς
471 1500 570 1571 έγεμεν
599 1500 665 1572 (sic)
697 1501 860 1572 ἐμφάσεως·
892 1504 940 1556 καὶ
991 1494 1146 1551 Metuebant
1168 1499 1332 1553 Antiochcni
1351 1500 1476 1569 discipuli
1496 1510 1598 1557 temore
1623 1515 1779 1572 εοςοιοτες

147 1587 298 1642 ἑδνιλίαναν
318 1590 344 1642 ui
372 1591 402 1643 ὲν
433 1590 583 1661 ’Δντιοχείμ
610 1591 732 1663 μαθηταί
748 1592 937 1664 αύθτντῆσαι·
990 1586 1083 1656 sieque
1099 1587 1133 1643 do
1156 1588 1254 1656 dubiis,
1267 1590 1349 1645 etium
1366 1591 1400 1646 iis
1423 1606 1483 1662 qnae
1506 1593 1782 1649 nnininuucssetide·

148 1677 217 1731 ἀλλὰ
233 1678 362 1733 τοσοῦτον
375 1678 533 1751 έφρύντιζον
548 1681 596 1735 καί
613 1679 667 1734 τῶν
686 1680 836 1735 δοκούντων
853 1681 940 1752 ψιλῶν
991 1681 1101 1747 horitur,
1120 1680 1237 1737 sollicite
1255 1682 1433 1746 curuhuutnt
1449 1685 1484 1737 uh
1498 1682 1641 1740 Antiochia
1653 1684 1781 1741 Hieroso·

146 1762 219 1821 είναι
239 1770 421 1841 ζητημάτων,
436 1772 477 1825 δτι
498 1770 554 1843 δὴ*
573 1772 599 1825 ui
619 1772 669 1843 μέν
691 1771 746 1826 ἀπὸ
774 1773 939 1845 Ἀντιοχείας
955 1754 977 1809 Β
992 1774 1090 1845 iymum
1106 1773 1230 1827 miserint
1244 1772 1395 1828 Bernabum
1410 1785 1438 1828 et
1459 1774 1572 1830 Panium
1589 1776 1623 1830 ud
1640 1776 1781 1845 inquiren·

147 1860 313 1915 ἀπέστειλαν
340 1861 484 1934 θαρνύύαν
511 1864 559 1916 καί
588 1863 695 1917 Παῦλον
724 1865 938 1936 έρωτίηοονταςι
990 1864 1780 1934 θυιιιςύίιοίριιίίουιοιιιηιιίοταιιιίιιίοτιιεοίυιιιίυιίιιιι

147 1953 211 2015 τούς
224 1954 254 2006 έν
270 1952 467 2026 Ἱεροσολύμοις
480 1970 487 1986 ·
502 1954 527 2007 οί
541 1954 570 2007 δέ
581 1954 637 2007 ent
656 1953 835 2027 Ἰερουσαλὴμ
850 1956 938 2027 μαθη-
989 1963 1017 2010 et
1034 1953 1118 2011 sinn
1129 1968 1190 2010 cum
1205 1957 1262 2011 suis
1276 1956 1379 2012 litteris
1401 1956 1574 2013 Antiochiam
1595 1960 1761 2016 remiserint.

148 2047 193 2100 ταλ
210 2046 273 2111 τούς
286 2047 352 2118 περὶ
375 2045 477 2100 Ἰούδαν
496 2045 544 2098 καί
564 2044 646 2099 Σίλαν
657 2045 784 2117 ἔπεμψαν
802 2046 939 2115 μετὰτῶν

147 2137 222 2191 ίδίων
235 2138 456 2209 χραμμάτωντίς
476 2136 652 2207 Ἀντιόχειαν.

186 2269 195 2302 ι
213 2251 270 2305 Καί
284 2250 360 2304 οὐδέν
370 2250 489 2321 διέκρινε
508 2248 611 2320 μεταξύ
623 2248 704 2320 ἡμῶν
716 2266 746 2303 τε
762 2251 810 2304 καλ
828 2249 937 2316 αὐτῶν,
1029 2244 1114 2301 iens.
1127 2245 1154 2301 9.
1174 2263 1183 2296 ι
1200 2244 1236 2299 Et
1258 2244 1324 2300 nihii
1347 2246 1476 2302 discrevit
1504 2246 1576 2303 inter
1592 2264 1642 2304 nos
1664 2250 1777 2318 utilius,

147 2341 283 2414 rArricreu
301 2342 455 2414 καθαρίσας
472 2341 522 2406 τὰς
537 2340 651 2412 καρδίας
667 2340 767 2397 αὐτῶν.
793 2358 804 2395 ι
993 2338 1204 2409 ddepnrihcsns
1218 2338 1445 2393 cordatiorem.»
1487 2334 1489 2339 ’

183 2430 313 2503 Οὐδεμία,
327 2431 405 2502 φησί,
416 2429 534 2501 διαφορὰ
549 2428 671 2484 πιστῶν·
684 2429 739 2483 rius
759 2428 887 2502 Ἰουδαίοί
898 2431 938 2485 εί-
1026 2427 1117 2497 Νιιίίιι,
1140 2430 1242 2501 inquit,
1258 2430 1378 2487 fidelium
1393 2430 1536 2498 discretio,
1551 2432 1610 2488 rire
1623 2432 1708 2489 iudei
1723 2432 1779 2490 sint

149 2540 202 2587 σιν,
223 2522 277 2576 circ
294 2521 434 2593 Ἕλληνες,
451 2522 519 2575 ὅπου
538 2523 554 2593 A
574 2522 665 2585 πίστις
681 2520 855 2595 καθαρισμὸν
868 2524 939 2577 ποιεί
990 2524 1047 2578 sire
1060 2520 1160 2586 Grccci,
1176 2534 1237 2576 cum
1256 2519 1322 2575 tides
1336 2529 1445 2591 peccatu
1458 2536 1491 2577 ex
1502 2520 1631 2577 cordibus
1650 2524 1779 2577 cucumin

148 2611 203 2666 τῶν
222 2610 365 2682 αμαρτιῶν
382 2611 437 2664 τῶν
453 2609 508 2665 ἀπὸ
529 2609 579 2680 τῆς
595 2609 710 2682 καρδίας
730 2610 867 2677 ἐξιόντων.
884 2605 937 2667 Oh·
989 2613 1123 2688 purificet.
1136 2611 1201 2681 Quae
1212 2611 1367 2681 purificatio
1380 2612 1581 2669 circumcisioni
1596 2613 1693 2671 similis
1702 2625 1778 2678 erun

147 2720 193 2763 τος
206 2702 235 2756 δὲ
248 2705 262 2757 δ
275 2702 446 2774 καθαριτμδς
459 2702 531 2756 ἔοικε
544 2704 697 2775 περιτομῇ·
712 2705 760 2758 καλ
772 2704 832 2758 duri
845 2704 894 2777 τῆς
908 2706 938 2761 έν
989 2707 1037 2762 sed
1058 2722 1108 2777 pro
1132 2704 1236 2762 cornuii
1266 2704 1485 2772 circumcisione,
1504 2705 1585 2761 datur
1604 2706 1778 2762 circumcisio

150 2796 232 2867 repud.
247 2795 400 2868 περιτομῆς
415 2794 516 2849 δίδοται
532 2795 549 2865 A
571 2796 601 2848 έν
625 2794 766 2866 Πνεύματι
788 2799 936 2869 περιτομὴ,
988 2795 1137 2869 ερίτίιιιολὶυ
1149 2793 1256 2851 οοσυίια
1274 2805 1385 2864 peccatu
1406 2794 1458 2851 tide
1480 2796 1507 2851 iu
1526 2796 1666 2852 Christum
1683 2796 1778 2867 ornin-

149 2885 335 2958 κιθαρίζοντα
350 2890 383 2959 τῆ
400 2886 489 2939 πίστει
505 2887 540 2957 τῆ
561 2887 602 2951 είς
624 2885 744 2956 Χριστὸν
758 2886 792 2941 τὰ
811 2889 936 2959 κρυπτά·
989 2904 1064 2946 crus.
1083 2887 1140 2943 Non
1157 2897 1246 2943 sutem
1264 2886 1391 2943 omnihus
1404 2885 1479 2942 utiiis
1499 2895 1560 2943 erut
1583 2885 1701 2945 curnuiis
1719 2888 1778 2944 eir·

147 2976 219 3031 ούτω
236 2978 265 3031 δέ
285 2977 337 3032 οὐκ
355 2972 391 3050 ῆν
414 2976 581 3050 κοινωφελῆς
605 2978 622 3049 A
641 2979 758 3051 σαρκικῆ
784 2978 936 3054 περιτομὴ,
989 2980 1138 3047 cumcisio,
1158 2995 1219 3053 quse
1234 2980 1299 3036 sniis
1319 2980 1448 3037 masculis
1471 2981 1582 3035 duretur
1600 2996 1608 3035 ι
1626 2995 1697 3037 nunc
1712 2996 1778 3037 reru

147 3068 188 3120 δτι
205 3066 279 3138 μένῳ
295 3066 333 3138 τῷ
353 3067 449 3138 ύρρενι
463 3067 562 3140 έδδθη·
581 3069 658 3125 οὐδέν
678 3069 707 3123 δὲ
724 3069 779 3124 τῶν
804 3070 974 3144 δληθινῶνρ
991 3074 1081 3130 nulius
1094 3073 1258 3142 excinditur,
1280 3088 1343 3129 num
1359 3073 1386 3128 in
1402 3088 1465 3130 reru
1482 3071 1535 3130 θύα
1549 3089 1603 3130 non
1617 3083 1659 3131 est
1669 3089 1778 3130 muscu-

147 3159 301 3232 προσῶπων
318 3159 510 3214 συστέλλεται·
527 3162 556 3216 ἐν
574 3163 629 3235 γαρ
642 3164 675 3235 τῆ
693 3159 832 3236 αληθ[ινρῆ
848 3165 938 3219 πίστει
990 3163 1031 3219 ius
1048 3178 1136 3233 neque
1157 3163 1280 3230 semino,
1305 3178 1359 3219 nou
1375 3172 1417 3223 est
1428 3162 1539 3221 (iuncus
1566 3179 1617 3221 neo
1631 3163 1775 3230 Burburus,

147 3252 198 3304 ούκ
222 3250 262 3304 ένι
278 3251 362 3324 ἄρρεν
382 3251 430 3304 καλ
453 3251 538 3324 θῆλυ·
553 3254 603 3308 ούκ
621 3254 662 3310 ἔνι
676 3254 777 3326 Ἕλλην
796 3255 813 3327 A
829 3255 938 3328 dedu·
988 3253 1141 3310 sedomnes
1154 3268 1238 3309 unum
1252 3268 1357 3310 sumus.

150 3358 194 3414 ρος
203 3349 232 3390 r·
249 3341 317 3397 ἀλλὰ
330 3343 432 3407 πάντες
443 3342 475 3399 ἓν
486 3347 580 3416 ίσμεν.

187 3473 196 3506 ι
217 3453 274 3510 Νῦν
286 3451 333 3511 οὖν
347 3455 374 3510 τί
388 3457 535 3530 πειράζετε
550 3459 596 3513 τὸν
610 3459 687 3526 Θεὸν,
705 3462 838 3517 ἐπιθεῖναι
854 3462 936 3536 Curio
1021 3448 1104 3507 vm·
1121 3449 1165 3506 ¹⁰·
1195 3469 1205 3503 ί
1225 3448 1301 3506 Nunc
1317 3464 1381 3522 ⁰¹8⁰
1406 3449 1470 3522 (1¹¹M
1492 3452 1604 3509 ίθθίθίῑὸ
1616 3453 1711 3519 Deum·
1723 3452 1776 3510 ίΙὶ·

148 3546 198 3600 έπί
210 3547 256 3602 τδν
270 3547 407 3618 τράχηλον
420 3549 474 3603 τῶν
490 3549 630 3621 μαθητῶν.
648 3569 658 3602 ι
986 3557 1088 3615 ρατιονε
1092 3541 1187 3614 jugum
1199 3557 1282 3615 super
1292 3543 1414 3599 cervices
1429 3542 1641 3614 discipulorum?
1657 3562 1666 3596 r

183 3634 288 3691 οὐκοῦν
300 3638 325 3690 εί
340 3637 445 3706 ζυχδςδ
457 3639 549 3709 νόμος,
566 3628 607 3692 δεῖ
622 3638 661 3711 τῷ
678 3642 806 3716 προρῆτη
820 3644 936 3716 πειθαρ.
1022 3634 1100 3703 Quod
1112 3636 1135 3692 si
1143 3639 1237 3709 jugum
1247 3635 1302 3700 ier,
1314 3634 1452 3706 prophete
1463 3634 1644 3694 obediendum
1656 3639 1774 3694 diccntiz

148 3731 205 3798 χιίν
224 3728 329 3798 λέγοντι
344 3744 352 3760 ·
367 3727 588 3799 Ἀπορρίψωμεν
601 3729 652 3800 ἀφ’
666 3730 751 3802 ἡμῶν
770 3733 825 3787 τὸν
848 3733 937 3806 ζυγὸς·
987 3723 1167 3796 Projicr‘cmrrs
1181 3743 1199 3780 α
1213 3728 1287 3781 nohis
1297 3726 1392 3798 ρ’νροιπ
1404 3727 1522 3795 ipsorum
1534 3726 1562 3792 ’ς
1575 3727 1674 3799 quibus
1684 3732 1775 3786 rerhis

147 3819 269 3876 αὐτῶν·
285 3820 319 3875 τὰ
334 3820 455 3894 σαρκικὰ
470 3820 520 3874 τοῦ
539 3822 621 3892 νόμου
636 3822 722 3892 λέγων
739 3825 814 3896 ημᾶς
825 3826 936 3880 hamt.
987 3831 1037 3872 nos
1053 3829 1146 3874 ruouet
1171 3826 1203 3872 ut
1224 3816 1345 3873 carnaiis
1367 3816 1436 3887 legis
1457 3831 1473 3871 u
1493 3818 1571 3873 nobis
1588 3818 1773 3889 projiciamus.

147 3913 266 3978 σαοθαι,
284 3914 410 3971 τουτέστι
420 3913 468 3967 τοῦ
480 3914 627 3986 φυλάττειν
635 3915 681 3969 τὸν
692 3917 772 3987 νόμον
785 3917 934 3986 Μωύοέως,
987 3906 1013 3962 id
1028 3918 1079 3973 cst,
1098 3907 1166 3977 legis
1180 3905 1306 3962 Aiosuiem
1322 3907 1523 3962 observantium
1541 3907 1602 3978 plus
1612 3922 1690 3978 πηνα
1706 3909 1775 3963 diiii·

148 4005 216 4076 ὅπερ
234 4000 268 4077 Au
286 4005 513 4078 δυσχερέστατον.
531 4005 654 4076 Δύναμις
675 4006 729 4078 γὰρ
747 4007 866 4080 ύπύρχτι
884 4009 936 4080 τῆς
987 3996 1187 4071 eiichirtus
1203 3995 1276 4052 euim
1289 3999 1392 4068 peccati
1406 4005 1460 4063 est,
1478 4007 1509 4051 ut
1523 3998 1562 4052 uit
1578 3998 1687 4054 divinus
1703 3999 1773 4054 Pau·

150 4093 306 4163 ἁμαρτίας,
323 4095 396 4150 καθα
420 4112 503 4167 φησιν
525 4097 539 4149 δ
562 4095 705 4158 θεσπέσιος
726 4095 841 4159 Παῦλος·
859 4097 935 4166 λέγει
986 4091 1028 4147 lus
1053 4090 1087 4145 ud
1107 4088 1286 4156 Corinthios:
1314 4087 1547 4142 Stinrrrirrsmortir
1570 4099 1707 4157 peccaturus
1723 4102 1773 4158 est,

151 4182 205 4254 γὰρ
219 4185 249 4236 έν
262 4186 297 4256 τῆ
312 4184 380 4257 πρὸς
391 4185 552 4260 Κορινθίους
571 4185 728 4259 Ἐπιστολῆ·
748 4188 784 4241 Τὸ
796 4188 853 4256 γὰρ
867 4187 934 4242 μέν.
986 4186 1067 4240 uirtus
1083 4181 1260 4253 uero-peccati
1278 4179 1320 4234 ίια
1333 4179 1361 4247 ¹3
1377 4194 1457 4250 quem
1477 4180 1565 4236 locum
1590 4180 1773 4252 lntorpretuns

148 4290 221 4344 ερον
237 4275 290 4331 τοῦ
304 4277 432 4333 θανάτου
454 4281 474 4348 A
492 4278 636 4348 ἁμαρτία·
656 4280 675 4348 A
690 4277 725 4331 δὲ
738 4279 864 4350 δύναμις
878 4278 934 4349 τῆς
986 4272 1174 4330 sanctissimus
1198 4269 1320 4325 loannes
1334 4267 1651 4338 corrsrunrinupotnmus
1666 4273 1773 4340 episco-

148 4358 293 4436 ἀμορτίας
306 4368 435 4439 όνιίμος.
446 4368 935 4444 Καίτούτοσδχωρίονέξηχούμινος
986 4382 1060 4436 pus:
1081 4382 1091 4416 ι
1109 4362 1261 4431 Quomodo,
1287 4362 1385 4432 inquit,
1405 4363 1488 4417 uirtus
1502 4363 1604 4430 ρσοεαιί
1628 4363 1694 4416 ieci
1708 4364 1771 4433 quin

148 4459 162 4509 θ
184 4458 337 4527 ύηιῶτατος
362 4461 514 4530 ’ίωὰννηςδ
529 4461 735 4518 Κωνσταντίνου
755 4464 861 4528 πύλοως
875 4463 933 4517 iuri·
948 4450 972 4505 Ι)
986 4459 1079 4514 mortis
1096 4458 1220 4513 rtimrrhrs
1250 4464 1397 4528 ριιεοίιιιιι,
1414 4453 1555 4526 maiorque
1578 4454 1605 4512 in
1632 4467 1665 4508 eu
1690 4456 1771 4509 morti

147 4562 252 4612 σκοπος
273 4547 344 4601 οθτω
360 4549 443 4619 φησί·
463 4568 473 4602 ι
493 4548 560 4616 Πῶς
575 4551 700 4622 δύναμις
720 4551 775 4622 τῆς
788 4553 933 4623 ἁμαρτίας
983 4550 1035 4615 tir,
1050 4549 1122 4619 quud
1133 4548 1245 4604 evidens
1255 4556 1314 4611 est;
1327 4547 1373 4601 seri
1385 4546 1522 4615 anornodu
1539 4546 1597 4616 ejus
1609 4545 1697 4600 uirtus
1711 4543 1772 4601 ism
1828 4615 1831 4624 Ι

147 4641 294 4708 δνόίίθςι·
311 4658 321 4691 t
340 4641 381 4694 ὅτι
399 4641 449 4714 μέν
467 4642 521 4715 γὰρ
540 4644 665 4712 κέντρον
684 4644 737 4699 τοῦ
758 4646 888 4701 θανάτου
911 4648 931 4717 A
983 4640 1035 4698 nisi
1047 4642 1111 4713 quia
1127 4641 1187 4696 sine
1202 4641 1260 4710 iege
1274 4639 1412 4693 inhrnnrm
1433 4648 1510 4702 erat.
1525 4638 1700 4692 commissum
1711 4637 1771 4707 qui·

145 4725 283 4796 ἁμαρτία,
300 4728 348 4783 καί
362 4730 557 4803 χαλεπωτέραν
578 4733 625 4787 καί
646 4733 675 4785 έν
697 4732 767 4804 αύτῆ
783 4735 832 4803 τῆν
856 4735 931 4804 ίσχὺν
982 4733 1055 4799 dem,
1070 4732 1182 4788 sednon
1198 4730 1386 4800 dijudicatum.
1403 4728 1546 4784 Peccatum
1558 4728 1631 4784 euim
1644 4730 1772 4787 commit·

145 4817 231 4883 οὕτως
248 4828 260 4856 ¹
276 4819 350 4890 έχει,
370 4823 468 4894 δῆλον·
486 4824 545 4889 πῶς
555 4825 583 4878 δέ
595 4825 643 4878 καλ
659 4824 761 4895 ταύτης
783 4825 898 4895 δύναμις
917 4828 931 4878 ο
982 4823 1099 4886 tehatur,
1111 4821 1158 4876 sen
1172 4834 1225 4877 uon
1240 4823 1309 4877 sutis
1322 4818 1466 4874 manifeste
1478 4819 1684 4886 ύοοίττιλιοιυις
1697 4822 1769 4878 υούα

145 4895 307 4982 vdilott'Qr't
315 4912 403 4983 χωρίς
410 4912 494 4966 αὐτοῦ
504 4912 618 4986 ἀσθενὴς
630 4910 675 4986 Au,
683 4913 856 4986 πραττομένη
868 4914 930 4985 μέν,
983 4928 1037 4969 nou
1054 4912 1190 4968 modicum
1204 4911 1293 4969 effecit
1308 4911 1361 4975 ies,
1377 4919 1517 4979 peccatum
1532 4909 1704 4969 manifestius
1718 4903 1769 4967 'de-

144 4995 175 5045 ού
189 4995 326 5072 δυναμένη
336 5001 367 5055 δέ
381 5001 468 5066 ούτως
482 5004 684 5059 καταδικασαι·
701 5005 732 5058 rh
746 5003 796 5074 μίν
809 5006 863 5075 γὰρ
878 5020 930 5057 κα·
983 5006 1123 5069 οίοτοιιύο,
1144 5017 1307 5076 penemque
1321 5002 1483 5068 statuend03
1501 5001 1549 5057 sed
1571 5003 1595 5058 si
1618 5002 1767 5076 reprimere

144 5083 193 5137 κδν
206 5087 328 5155 έχίνετο·
350 5092 446 5161 σαφῶς
462 5092 491 5148 δέ
507 5094 558 5147 οὐκ
576 5093 714 5148 ἐδείκνυτο
734 5093 837 5159 ούτως·
861 5095 931 5150 ὥστε
981 5095 1166 5160 retenentur
1182 5094 1267 5166 iringis
1287 5092 1398 5149 noxium
1416 5091 1522 5157 effecit,
1539 5093 1690 5164 cutpsurtus
1711 5107 1766 5149 nun

143 5177 177 5229 οὐ
193 5180 291 5251 impis
306 5184 467 5255 ιίσῆντγκτν
486 5187 501 5240 θ
523 5186 605 5256 νύμος
618 5186 649 5240 ri
667 5187 715 5241 καλ
733 5187 864 5259 γνωρίσαι
879 5186 930 5258 τῆν
981 5196 1024 5243 est
1034 5188 1167 5250 medicus,
1179 5185 1226 5241 scd
1239 5187 1261 5241 is
1274 5186 1318 5255 qui
1335 5184 1469 5241 medicina
1484 5183 1554 5240 mule
1564 5184 1766 5257 utiturniqui·

144 5266 285 5341 ἁμαρτίαν
305 5275 417 5346 μᾶλλον,
437 5276 486 5331 καλ
505 5279 635 5333 έπιτείναι
650 5278 700 5350 τῆν
714 5278 836 5334 κδλασιν,
853 5279 885 5333 tn
900 5277 929 5332 di
981 5279 1042 5335 dem
1054 5279 1111 5350 ipsu
1124 5277 1225 5368 Cirrigti
1238 5276 1383 5348 presentis
1398 5274 1507 5333 indueus
1521 5276 1607 5350 magis
1621 5277 1763 5346 οιισετνίις

178 5445 278 5506 'Psoi
295 5465 327 5519 tt,
342 5451 370 5507 θ.
404 5449 641 5516 ¹100r.xr‚5d.

180 5602 322 5664 ‘cod-C.
342 5606 553 5682 διαλέγονίαίο).
592 5605 931 5676 ·(ί.ίί.οίκονομιασκῆς.
987 5604 1119 5677 ¹C.C.A
1137 5625 1207 5670 τινος
1232 5604 1324 5661 ύλλου.
1370 5603 1427 5660 ¹C.
1445 5601 1477 5656 C.
1496 5601 1612 5672 -θούτος,
1660 5601 1763 5665 ἀΰ.

142 5674 256 5751 νωθῆ.
294 5675 607 5752 Ιθ.(ί.ίρυτῆσοντος.
645 5677 709 5734 10.
725 5677 856 5748 θθῆλο·
876 5676 1108 5748 ούκένιδούλοςῆ
1124 5677 1278 5749 ἐλεύθερος.
1317 5674 1377 5730 ¹0.
1393 5664 1527 5735 (λούπς.
