3817 6075
143 276 193 341 ddi
625 287 634 303 ⁸
743 278 883 339 eisteti
904 277 1173 337 seieuetm'ste
1716 268 1770 331 432

143 388 233 455 i’ntor,
249 398 277 443 et
299 387 404 454 Fdius,
423 396 448 445 et
462 386 578 459 Spiritus
592 398 702 443 sanetus
719 407 725 441 :
744 390 835 443 rssnndi
856 387 932 458 origo
946 394 969 450 Λ
984 387 1068 458 Τριίις
1082 389 1111 441 έν
1127 386 1229 440 tisanam
1246 386 1443 456 γινωσκομένη,
1465 385 1510 437 καλ
1526 383 1617 447 λίσνίις
1632 382 1661 434 έν
1680 383 1768 452 Τριά-

140 496 239 552 expers
255 482 379 552 originis,
398 482 528 551 praedives
545 480 689 536 entioantis
705 479 774 537 iueis
789 482 866 543 sons,
882 495 929 535 re·
979 478 1004 530 δι
1030 478 1263 548 τροσκονουμένη.
1289 476 1398 546 Ταύτης
1425 476 1452 529 δέ
1477 474 1526 543 τῆς
1545 473 1699 546 ύπερτάτης
1727 473 1768 525 δύ-

143 571 298 627 nnstissima
317 588 371 643 pra·
386 573 459 628 omni
474 580 636 627 ornamento
652 572 833 641 puteoritoto,
852 570 930 627 'l'rias
980 570 1029 640 ξης
1057 570 1116 623 κατ’
1148 569 1239 623 είκόνα
1268 568 1386 638 γεγονὼς
1417 567 1611 637 όάνθρωιτος,
1642 565 1769 626 θεοειδεῖς

140 663 167 717 in
182 661 295 718 iionode
308 662 414 732 cognita
430 703 438 728 ,
455 671 481 717 et
497 661 589 717 Menas
605 661 631 716 in
644 662 743 719 Triade
759 666 930 719 ueneratione
981 659 1108 712 ἐπλούτει
1127 658 1323 739 pappapngte.
1344 657 1423 711 Ἀλλὰ
1440 656 1491 727 τῆς
1514 654 1652 726 ἁμαρτίας
1675 656 1690 707 ὁ
1720 654 1768 723 po·-

140 750 379 807 numinisaiieeta.
398 750 769 824 tlnjossupremagtortaead
785 753 929 824 imaginem
981 766 1032 812 ποι·
1055 750 1086 802 ro
1109 748 1228 804 τοιοῦτον
1258 748 1409 821 ἠμαύρωσε
1439 747 1549 812 κάλλος·
1575 746 1623 800 καὶ
1648 744 1718 816 spo<
1738 745 1769 797 τὸ

140 844 230 898 taetus
248 844 329 899 dromo
342 844 480 900 stricturis
492 845 611 900 divinam
624 846 710 901 iucem
723 847 930 915 praeferentibus
981 841 1116 910 κτηνῶδες
1132 843 1206 911 ἡμᾶς
1228 841 1440 911 μετεμόρφωσεν
1464 836 1543 903 εἶδος.
1566 839 1616 901 Ὣς
1634 854 1700 907 φησι
1720 836 1768 888 καλ

139 934 285 1004 ορυΙευιυε
296 944 377 991 erat:
394 933 649 1007 peceati-proluvies
666 937 746 993 talem
760 936 931 1006 splendorem
981 932 1063 994 eonio
1077 948 1128 984 που
1142 934 1156 985 ὁ
1169 932 1335 1001 &umidior
1355 934 1526 999 Ἀνθυνντθς
1543 931 1578 984 ἓν
1591 929 1661 999 “itti
1673 928 1716 981 ὢν
1731 929 1768 981 οὗ

139 1026 285 1091 hebetarit,
299 1036 326 1082 et
339 1028 365 1082 in
375 1028 642 1099 belluinamspeciem
653 1044 702 1085 nos
712 1028 929 1095 transformatit3
981 1021 1114 1091 συνῆκε·
1127 1022 1377 1091 παρεσυνεὸίήθη
1392 1020 1455 1087 τοῖς
1471 1021 1593 1087 κτήνεσι
1604 1018 1666 1084 τοῖς
1677 1017 1768 1081 ἀνοη-

139 1116 210 1186 quod
237 1127 267 1173 et
291 1116 354 1172 atrut
386 1117 505 1187 loquitur
536 1119 716 1192 hymnologiis
743 1119 788 1176 iiie
814 1120 930 1175 dauid:
981 1132 1055 1180 τοις,
1073 1112 1265 1183 καίὼμοιώθη
1278 1111 1392 1178 αὐτοῖς.
1410 1110 1518 1165 Μᾶλλον
1534 1110 1563 1163 δέ
1580 1111 1627 1161 καίΙ
1643 1109 1693 1178 τῆς
1706 1108 1767 1161 τού-

138 1202 225 1259 stoma
250 1221 310 1259 rum
326 1205 355 1259 in
373 1205 473 1262 donoro
498 1218 586 1276 esset,
617 1226 667 1263 nou
686 1208 832 1275 τὐίείίεσίίς
860 1226 932 1264 rom·
981 1224 1036 1261 των
1061 1205 1190 1271 ἐξέπεσεν
1206 1203 1380 1275 ὁμοιώσεως.
1404 1202 1477 1256 κατά
1497 1201 1529 1255 τδ
1551 1201 1765 1271 γεγραμμένον·

138 1303 248 1361 ματαίαν
264 1304 300 1349 est
327 1294 455 1364 jumentis
480 1296 683 1366 insipientibus,
712 1308 735 1353 et
761 1298 854 1352 simiiis
890 1298 931 1365 io·
984 1300 1078 1368 Ἔγνω
1105 1298 1184 1364 βοῦς
1216 1298 1270 1351 τὸν
1305 1294 1498 1364 κτησάμενον
1520 1292 1593 1361 (55),
1625 1292 1674 1345 καί
1697 1291 1767 1354 ὄνος

137 1392 194 1437 otus
211 1394 250 1438 εει
263 1384 319 1439 iiiii
338 1384 371 1439 ³¹.
400 1385 445 1440 Vei
462 1386 552 1456 potius
581 1403 613 1441 ex
631 1403 725 1443 eorum
749 1402 856 1458 quoqne
885 1402 930 1441 as·
982 1390 1040 1457 τὴν
1053 1389 1171 1459 φάτνην
1193 1388 1246 1441 τοῦ
1269 1388 1375 1456 κυρίου
1394 1386 1504 1442 αὑτοῦ·
1537 1383 1661 1452 'tepuisti
1678 1382 1713 1435 δὲ
1729 1400 1767 1451 με

136 1474 303 1531 sintiiatione
322 1475 400 1546 justa
421 1476 486 1533 iliud
506 1477 654 1549 Scripturas
671 1479 781 1534 serium
804 1478 904 1533 excidit
924 1480 931 1517 ²
982 1480 1039 1533 ούκ
1052 1479 1139 1547 ἔγνω,
1153 1476 1230 1531 καλό
1253 1477 1329 1541 λαός
1343 1492 1402 1545 μου
1418 1476 1454 1528 οὐ
1468 1472 1593 1542 omuino.
1610 1472 1720 1534 Πολλοῖς
1738 1473 1766 1526 δέ
1806 1501 1808 1507 2

135 1566 221 1637 209
239 1566 365 1637 Copnouit
385 1571 430 1623 dos
450 1585 640 1638 possessorem,
660 1580 683 1623 et
705 1570 796 1624 asinus
816 1586 931 1638 prttsepe
984 1570 1213 1643 σωφρονισθέντες
1227 1570 1349 1640 τρόποις,
1375 1567 1442 1640 πρδς
1461 1568 1511 1639 τὴν
1534 1567 1675 1638 κρείττονα
1694 1565 1766 1635 ζωὴν

138 1658 239 1712 domiui
254 1658 313 1724 sui,·
343 1657 428 1713 itrori
442 1669 530 1712 aurens
543 1674 583 1712 nte
598 1674 648 1713 nort
663 1660 793 1729 cognouit,
810 1670 833 1711 et
848 1674 930 1728 popu·
982 1664 1033 1716 ούκ
1055 1661 1253 1731 ἐπανήλθομεν,
1271 1662 1327 1722 τοῖς
1353 1662 1481 1729 πονηροῖς
1506 1658 1605 1728 μᾶλλον
1623 1658 1765 1728 χαίροντες

137 1750 178 1804 ius
195 1765 267 1804 ursus
282 1767 333 1804 κου
350 1749 479 1806 intellexit
490 1749 524 1803 ⁸⁸.
541 1748 631 1805 Multis
646 1765 710 1804 vero
725 1751 812 1805 orodis
828 1766 876 1805 nos
891 1750 924 1804 ad
941 1740 962 1798 Β
977 1754 1166 1825 πολιτεύμασι.
1184 1754 1239 1806 Καὶ
1254 1753 1356 1807 τούτων
1366 1752 1453 1815 odoros
1471 1752 1536 1824 παρ’
1549 1751 1628 1821 ἡμῶν
1654 1749 1766 1819 γινομέ-

136 1843 297 1913 sapientiam
315 1840 486 1912 officiumque
507 1843 662 1913 prosecari,
681 1845 762 1913 sitam
781 1842 808 1896 in
827 1842 923 1897 sneiius
974 1864 1038 1912 νων,
1053 1846 1103 1900 ούκ
1121 1845 1285 1916 ἀπεστράφη
1301 1846 1364 1909 τοὺς
1375 1844 1485 1907 δούλους
1498 1846 1512 1896 ό
1526 1843 1681 1912 Δεσπότης·
1697 1841 1765 1895 ἀλλὰ

137 1950 190 2005 non
208 1934 364 2001 retulimus,
382 1937 510 1992 deteriori
527 1935 722 1994 consuetudine
736 1935 875 1991 oblectati.
892 1935 925 1989 Et
976 1936 1106 2009 μνησθεὶς
1131 1937 1185 1991 τῶν
1203 1936 1276 1990 ίδίων
1297 1935 1448 2007 οἰκτιρμῶν
1466 1936 1480 1987 ό
1505 1933 1640 2006 μηδέποτε
1660 1932 1764 1987 τούτων

136 2023 180 2083 isis
195 2042 210 2083 a
226 2028 305 2083 notite
319 2027 446 2084 admissis
460 2026 592 2084 Dominus
607 2042 703 2084 servos
715 2036 854 2083 auersatus
870 2042 922 2084 neu
973 2030 1179 2100 ἐπιλαθόμενος,
1195 2027 1263 2099 πρὸς
1283 2026 1394 2097 μείζονα
1415 2028 1530 2081 κινεῖται
1551 2025 1758 2097 φιλανθρωπίας

136 2127 194 2185 est,
213 2118 260 2174 sed
276 2117 433 2173 recordatus
450 2118 654 2174 miserationum
672 2132 797 2185 suarum,
815 2120 860 2190 qui
878 2134 924 2174 ea·
974 2120 1128 2192 ύτερδολην
1147 2117 1219 2172 κατέ
1237 2118 1268 2170 τδ
1282 2117 1492 2188 γεγραμμένον·
1508 2117 1602 2170 Ὅσου
1615 2116 1763 2169 ἐπλεόνα-

137 2222 197 2261 rum
219 2205 341 2278 obliuisci
363 2221 416 2262 non
437 2216 541 2276 potest,
554 2208 588 2263 ad
604 2222 727 2277 magnam
749 2209 774 2261 in
798 2208 924 2265 homines
974 2213 1064 2280 cerri
1083 2210 1227 2280 ἁμαρτία,
1245 2208 1544 2275 ὑπερεπερίσσευσεν
1566 2208 1585 2275 ri
1604 2204 1699 2275 χάρις.
1720 2206 1764 2268 Ὦς

136 2299 299 2356 charitatem
318 2300 528 2369 expromendam
549 2308 734 2368 permessius,
750 2297 826 2366 jussa
847 2296 923 2353 Seri·
974 2304 1029 2373 γὰρ
1050 2300 1121 2357 εἶδεν
1136 2301 1363 2369 ἀναγνωσθέντος
1378 2302 1462 2371 ημᾶς,
1476 2301 1524 2354 καλ
1547 2300 1597 2369 τὴν
1620 2300 1650 2363 ἐξ
1674 2298 1763 2369 έργων

137 2401 243 2459 putrem
271 2405 279 2443 t
303 2386 353 2443 iiii
376 2388 518 2442 oiuadorit
540 2387 679 2454 deiictum,
700 2386 924 2451 superoittndnuit
973 2394 1098 2450 ἀποῦσαν
1120 2393 1258 2465 βοήθειαν,
1278 2392 1379 2464 μᾶλλον
1395 2393 1424 2447 δὲ
1439 2393 1489 2463 τὴν
1510 2389 1540 2457 ἐξ
1554 2391 1643 2461 ἔργων
1660 2390 1763 2462 παρετ).

132 2480 266 2549 grotio⁸⁷.
284 2476 340 2535 Nos
355 2478 427 2533 enim
445 2477 601 2548 desperatos
618 2487 647 2533 ui
662 2478 744 2543 sitit,
761 2486 789 2532 et
806 2477 872 2531 uiisii
888 2492 921 2534 ex
975 2497 1025 2534 σαν
1048 2480 1303 2542 tutissimarum
1326 2481 1419 2534 λεῖπον
1439 2480 1562 2552 ύπάρχον
1583 2479 1661 2533 οὐδέν
1673 2480 1715 2541 είς
1732 2478 1763 2532 τδ

132 2573 264 2643 operibus
276 2571 371 2628 adesso
383 2570 511 2641 presidii,
524 2570 580 2626 ime
591 2584 655 2627 sete
667 2579 829 2639 presentem
842 2584 875 2625 ett
889 2570 923 2625 iis
973 2572 1102 2642 periodos
1121 2573 1226 2637 πάντας
1240 2571 1327 2636 οὐδέν,
1339 2572 1459 2626 πέπονθέ
1473 2589 1499 2625 τι
1514 2571 1668 2643 συμπαθὲς,
1681 2572 1706 2624 εἰ
1723 2570 1765 2623 δεῖ

137 2663 285 2733 ,sreieeiam
300 2677 363 2719 esse
378 2660 544 2732 perniciem,
563 2660 684 2731 nihilque
700 2675 842 2731 superesse
859 2660 922 2716 reti·
972 2660 1052 2716 τοῦτο
1068 2664 1165 2729 είπείν,
1181 2664 1195 2716 ὁ
1211 2661 1375 2732 κατὰφύσιν
1388 2661 1510 2733 ἀπαθὴς,
1529 2662 1578 2716 καλ
1593 2663 1643 2733 τὴν
1657 2661 1762 2731 ὀφειλο-

134 2758 200 2826 εμιί,
220 2757 290 2826 qrtod
310 2756 336 2812 in
354 2756 470 2810 oiiiium
501 2754 707 2809 expleveramus
723 2766 731 2806 a
750 2752 828 2808 tionis
847 2765 923 2808 eosn-
975 2753 1061 2824 μένην
1077 2752 1188 2815 δικαίως
1207 2752 1292 2824 δργην
1312 2754 1353 2815 είς
1372 2754 1422 2807 ούκ
1439 2753 1617 2823 ὀφειλομένην
1635 2753 1762 2809 ἀλλάττει

138 2862 234 2917 passus
248 2855 300 2909 est,
315 2846 337 2899 si
353 2844 403 2901 isne
416 2846 449 2900 de
464 2844 509 2899 iiio
522 2845 612 2899 dicere
627 2842 700 2910 iicet,
715 2843 758 2898 eui
773 2843 922 2915 ingenitum
976 2845 1104 2915 στοργίγν.
1118 2843 1199 2897 Ὅθεν
1214 2845 1375 2899 ἀποστέλλει
1390 2846 1459 2917 πρός
1476 2848 1527 2917 τὴν
1540 2844 1762 2918 καταφθαρείσοιν

138 2948 180 2994 est
192 2953 244 2994 nott
257 2939 323 3008 pati,
335 2946 363 2993 ei
377 2937 431 2992 iras
441 2937 502 3008 jure
514 2937 619 2993 debitas
631 2936 658 2992 in
671 2934 832 2992 charitatem
842 2936 924 2991 vertit
973 2936 1077 3003 εἰκόνα,
1093 2935 1138 2990 τὸν
1154 2938 1205 3008 τῆς
1220 2938 1325 3002 είκόνος
1340 2939 1466 3009 ποιητὴν,
1480 2939 1681 3009 ἀναμορφῶσαι
1696 2940 1763 2992 rod·

139 3027 295 3086 indebitam.
308 3027 397 3098 Quare
408 3029 498 3085 emisit
511 3029 637 3100 imaginis
648 3037 798 3094 auctorem,
812 3036 841 3083 ut
853 3026 922 3083 ima·
936 3074 958 3131 c
973 3046 1025 3101 την
1036 3031 1179 3102 χρώμασιν
1190 3031 1371 3102 ἀγαθότητος.
1393 3032 1443 3086 Διά
1461 3033 1541 3087 τούτο
1558 3032 1665 3104 μορφὴν
1680 3033 1761 3089 έλαδε

137 3122 227 3192 ginem
239 3120 410 3177 obliteratam
434 3122 562 3178 bonitatis
574 3135 630 3176 sue
642 3120 777 3176 coloribus
787 3120 922 3199 reforma·
974 3119 1067 3175 δούλαν
1081 3122 1095 3174 ό
1111 3124 1140 3176 έν
1156 3125 1247 3194 μορφῇ
1264 3123 1332 3178 Θεοῦ
1348 3124 1494 3196 ύπάρχων,
1513 3127 1557 3182 iso
1575 3128 1637 3190 τοὺς
1652 3127 1762 3193 δούλως

69 3242 72 3247 ·
138 3221 190 3269 ret.
209 3212 311 3268 ideireo
331 3212 444 3266 sormam
464 3209 701 3281 cepisserui,t1tsi
722 3210 747 3263 in
770 3208 855 3263 iertna
876 3208 923 3264 uei
974 3211 1023 3281 τῆς
1040 3211 1177 3282 ἁμαρτίας
1190 3212 1391 3284 ἐλευθερώσας,
1406 3216 1446 3278 είς
1461 3216 1510 3287 τὴν
1531 3218 1668 3288 προτέραν
1681 3220 1761 3287 εύγέ·

136 3312 208 3371 esai,
223 3319 277 3375 quo
292 3303 443 3374 iniquilatis
459 3301 593 3372 mancipia
609 3302 635 3356 iu
651 3299 802 3356 libertatem
818 3310 924 3357 asseria
974 3314 1050 3353 νειαν
1069 3300 1243 3372 ὲπαναγάγη,
1263 3300 1370 3354 καὶτοῦ
1389 3303 1549 3374 ἐπουρανίου
1562 3306 1669 3377 Πατρός
1687 3308 1762 3370 υἱούς

136 3401 173 3456 ud
188 3397 330 3468 pristinam
346 3395 514 3451 nobilitatem
531 3395 683 3460 reduceret,
697 3403 724 3448 ei
738 3393 856 3449 eoeiestis
873 3391 925 3446 Pa·
975 3389 1113 3463 ἀναδείξῃ,
1130 3394 1164 3462 τῇ
1180 3392 1240 3444 κατ’
1256 3392 1435 3446 adsentiamur
1451 3395 1531 3448 πάλιν
1548 3397 1762 3468 συμμορφωθέν-

140 3490 191 3545 tris
205 3489 274 3543 iiiios
286 3486 435 3542 deeiararet
451 3484 547 3540 iterum
561 3485 593 3539 ad
610 3486 753 3554 imaginem
767 3498 844 3538 suam
857 3497 923 3540 eon·
975 3499 1034 3546 τας.
1048 3484 1135 3536 'oros
1148 3483 1202 3553 γὰρ
1213 3483 1324 3537 ἔλαθον
1335 3483 1440 3550 αὐτόν,
1452 3487 1652 3556 φησλρέδωκεν
1661 3489 1763 3554 αὐτοῖς

139 3579 269 3635 formatos
289 3596 296 3632 s
316 3577 447 3646 Quotquot
467 3576 539 3632 euim
560 3584 709 3641 receperunt
728 3591 801 3642 eunt,
821 3576 923 3646 inquit,
975 3573 1122 3638 ἐξουσίαν
1134 3575 1225 3628 τέκνα
1241 3574 1315 3629 Θεοῦ
1330 3575 1480 3644 γενέσθαι.
1493 3579 1547 3631 Καί
1564 3596 1608 3650 μοι
1622 3580 1677 3636 τῶν
1694 3600 1763 3654 παρ-

143 3671 216 3724 dodt't
234 3670 271 3723 eis
285 3676 436 3738 potestatem
460 3667 531 3735 fiiios
543 3666 667 3736 diripui
680 3667 712 3723 ³⁸.
728 3667 767 3723 do
782 3682 817 3723 ne
831 3682 923 3723 eorum
974 3665 1059 3719 όντων
1072 3664 1224 3734 έγκαλείτω
1238 3666 1343 3736 μηδείς,
1356 3668 1394 3728 ὡς
1410 3669 1478 3722 ἀλλα
1499 3671 1590 3740 μένεν
1608 3674 1762 3743 προοιμίοις

108 3768 119 3778 ·
140 3761 186 3830 ησύ
203 3760 316 3826 adsum,
332 3774 375 3815 me
388 3760 450 3829 quis
464 3759 583 3824 incuset,
598 3769 627 3814 nt
641 3760 674 3814 ad
690 3760 742 3816 aiis
757 3775 828 3816 nuno
841 3759 925 3816 deso-
976 3759 1166 3829 ύιιοσχομένιμ,
1184 3758 1252 3829 πρδς
1271 3758 1338 3813 ἀλλα
1352 3759 1380 3812 δέ
1404 3759 1451 3814 νύν
1470 3763 1657 3834 ἀπαγομένην·
1675 3765 1710 3819 δι’
1725 3759 1763 3819 ὧν

140 3851 244 3917 lutum,
260 3866 340 3921 quam
357 3861 420 3906 ante
434 3852 613 3921 prontiseram
629 3850 737 3922 (quibus
752 3852 824 3908 eninr
842 3852 925 3907 bene·
975 3849 1030 3922 γὰρ
1043 3850 1089 3904 τδν
1101 3851 1248 3922 εὐεργέτην
1261 3851 1422 3924 δοξάζομεν,
1437 3855 1483 3907 καὶ
1494 3853 1543 3925 τὴν
1555 3856 1638 3911 ossei
1655 3861 1764 3931 μητέρα

140 3942 285 4001 facientem
298 3942 450 4006 laudamus,
464 3942 524 4011 eius
538 3956 645 4014 quoqne
660 3951 773 3999 matrem
788 3942 925 3998 eoiiauda·
976 3940 1186 4011 συνδοξάζομεν·
1202 3941 1269 4014 τρδς
1289 3944 1370 3997 αύτδν
1384 3940 1437 3999 οὗν.
1452 3942 1531 4010 αὖθις
1548 3947 1561 3998 δ
1580 3947 1658 4017 λόγος
1680 3951 1766 4004 inan-

137 4035 371 4107 συναλείφεται
388 4036 495 4090 tandem
509 4045 602 4090 nostra
619 4035 852 4092 reeurrotoratio.
973 4033 1057 4090 ιτέον.
1469 4082 1472 4091 ,
1794 4096 1798 4103 ,

173 4125 202 4178 ό.
223 4121 290 4182 Cum
311 4137 377 4193 ergo
397 4123 539 4194 imaginem
563 4139 708 4196 repurgare
727 4125 877 4193 statuisses,
896 4137 924 4184 et
1005 4124 1040 4194 γ’.
1057 4126 1763 4205 ’λνακαθάραιτοίνυνθελὴσαςτὴνείκόνα,καλβον-

137 4228 249 4271 earnem
269 4212 472 4269 immortalitate
489 4213 603 4278 donare,
620 4229 730 4270 earnem
748 4214 848 4279 induit,
866 4230 921 4271 rem
969 4214 1067 4282 ,ληθελς
1078 4214 1240 4270 ἀθανατίσαι
1257 4219 1306 4288 τἠν
1330 4219 1429 4290 σάρκα,
1450 4224 1644 4291 τεριόάλλεται
1660 4227 1756 4296 σάρκσ,

136 4315 318 4372 congenerem
341 4303 519 4356 medicamine
541 4302 675 4369 congeniti
694 4313 840 4356 curaturus
863 4320 870 4356 :
896 4302 926 4357 ut
975 4301 1014 4371 τῷ
1030 4306 1158 4370 συγγενεῖ
1179 4305 1209 4358 so
1238 4307 1368 4375 συγγενές
1391 4308 1565 4380 θεραπεύων·
1586 4316 1635 4369 καλ
1654 4313 1754 4385 γίνεται

141 4393 224 4447 immo
237 4390 461 4461 perfectissimus,
476 4401 505 4445 ut
517 4391 631 4454 uerenini,
644 4405 723 4458 quem
737 4389 922 4453 conmutaret,
939 4402 962 4458 ι)
977 4393 1047 4446 κατὰ
1079 4393 1168 4447 πέντε
1183 4395 1286 4460 τέλειος
1308 4398 1464 4470 ἀνθρωπος,
1489 4404 1532 4458 ίνα
1551 4405 1627 4478 σώση
1649 4405 1756 4467 τελείως

141 4482 247 4555 pienum
265 4483 470 4552 perfectamque
495 4480 609 4535 salutem
632 4476 750 4536 afferret.
771 4478 839 4533 Nam
861 4495 922 4534 eunt
976 4483 1061 4553 όνπερ
1075 4481 1191 4539 έιτλασεν
1206 4483 1360 4558 ἀνθρωτον.
1378 4491 1434 4562 Τι’·,ς
1449 4493 1500 4564 γὰρ
1518 4494 1563 4548 ςοῡ
1577 4463 1759 4567 grimward

141 4572 350 4645 gesserisuestri
364 4570 513 4642 primordia
527 4577 640 4641 propter
653 4577 792 4639 peecatum
808 4566 925 4624 [uissetti
977 4572 1103 4645 ἀπαρχῆς
1136 4571 1170 4626 δι’
1197 4575 1335 4647 ἀμαρτίαν
1367 4581 1600 4655 κατακριθείσης,
1633 4585 1762 4656 δευτέρας

141 4668 325 4737 praedamnata
344 4682 352 4720 ι
369 4663 454 4720 aliero
470 4661 520 4719 iuit
534 4675 602 4731 opos
615 4666 726 4716 auctore
740 4659 924 4731 impoeeaisili,
978 4661 1093 4735 ίχρηζεν
1115 4666 1241 4738 ἀπαρχης
1257 4669 1451 4743 ἀναμαρτητου
1470 4674 1518 4728 καῖ
1537 4678 1626 4731 πᾶσαν
1644 4675 1763 4747 πληρού·

134 4770 169 4817 ei
181 4757 332 4818 omnifaria
343 4755 455 4828 iussitire
470 4753 631 4825 pesieeiore,
646 4753 722 4824 eujus
736 4751 868 4809 beneficio
883 4763 926 4808 te·
980 4771 1030 4826 σης
1055 4755 1242 4829 δικαιοσύνην·
1262 4759 1295 4812 δι’
1316 4756 1349 4833 ἧς
1367 4762 1440 4818 ἅπαν
1464 4766 1495 4818 sd
1509 4767 1588 4837 σῶμα
1600 4771 1633 4839 τῇ
1656 4769 1763 4839 κεφαλῇ

141 4862 198 4906 turn
216 4863 316 4920 eorpus
333 4862 394 4905 cum
412 4845 500 4916 capite
519 4845 738 4901 reeettcinuuittm
756 4858 818 4899 eum
837 4843 923 4900 hemi·
980 4847 1277 4919 συναρμολογούμενον,
1298 4857 1451 4926 προσήγετο
1467 4857 1523 4928 (57)
1542 4860 1623 4912 πάλιν
1642 4863 1698 4925 τοῖς
1716 4863 1764 4921 ἀν,

141 4941 221 4996 nibus
240 4940 337 4996 iterum
356 4937 564 5009 conjungeretur
579 4953 585 4990 :
602 4943 641 5001 ui,
656 4932 883 5004 quemadmodum
898 4933 924 5001 in
979 4934 1115 5006 θρώποις·
1130 4939 1163 4991 iu*
1178 4938 1273 5010 ὥσπερ
1289 4943 1368 5014 ἐντῷ
1381 4945 1658 5022 Ἀδίιμάπεθάνομεν.
1676 4952 1763 5016 οὕτως

141 5031 244 5085 ddamo
260 5045 352 5084 sumus
375 5028 483 5093 mortui,
500 5018 540 5083 sie
555 5026 582 5080 in
596 5025 706 5082 Christo
726 5027 856 5084 sinamus.
871 5024 924 5081 Po·
979 5027 1007 5078 έν
1028 5027 1065 5098 τῷ
1089 5031 1199 5101 Χριστῷ
1219 5031 1356 5104 ζήσωμεν.
1378 5036 1506 5092 ’ίλδύνατο
1528 5042 1582 5112 γὰρ
1607 5044 1694 5096 σιῖισαι
1715 5047 1763 5097 νυ,

134 5286 137 5292 Ι
178 5202 200 5234 ⁸¹
220 5203 291 5258 Psoi.
306 5219 402 5271 rursu,
420 5205 462 5259 15.
509 5203 688 5268 ⁸⁸isa.t,3.
735 5203 757 5235 ⁸⁷
778 5202 857 5258 Rom.
879 5218 905 5270 r,
924 5203 972 5260 λθ.
1027 5205 1146 5259 1’ίουιι
1170 5223 1190 5271 ι,
1212 5208 1256 5263 ii.

756 5381 811 5435 CL.
832 5380 1018 5447 DnUSQUEii
1037 5382 1152 5439 NOTAE.

181 5541 236 5612 (55)
253 5539 352 5622 Ἔγνω
360 5541 438 5606 βοῦς
453 5543 504 5595 τόν
525 5540 715 5609 κτισάμενον.
729 5539 837 5597 Christo
849 5556 919 5609 ona·
971 5541 1157 5619 κτησάμενον.
1179 5541 1246 5598 Ante
1264 5544 1296 5602 iis
1317 5550 1349 5620 dp
1365 5552 1475 5610 roribus
1492 5568 1579 5614 aarum
1592 5575 1645 5620 est.

135 5612 204 5668 diat
219 5621 380 5680 peroptime,
396 5612 515 5691 quierat
529 5623 592 5690 ,eum
611 5621 685 5690 patre
705 5620 799 5664 curseto
814 5626 920 5678 compo·
1009 5610 1067 5677 (δθλ
1089 5611 1120 5663 ’0
1131 5613 1170 5665 ,td
1182 5630 1222 5678 ος
1237 5613 1405 5677 ἐπανιτέον.
1423 5625 1516 5682 erite
1533 5631 1579 5685 τόν
1590 5633 1620 5687 λδ
1640 5652 1670 5690 ιν

111 5699 115 5718 ι
143 5699 206 5738 κιαι
218 5698 228 5736 .·
243 5691 269 5736 ut
283 5681 307 5734 οί
323 5676 508 5748 Septungmto,
522 5687 548 5734 et
560 5678 655 5744 eontra,
671 5679 768 5747 quibus
782 5694 831 5752 ego
844 5694 920 5750 usos,
1011 5681 1067 5753 (st)
1082 5632 1263 5751 iipoerixaro.
1280 5685 1382 5758 statius,
1398 5698 1556 5767 προσείχετο
1622 5653 1638 5704 γ
1672 5677 1679 5691 ’
