3817 6075
166 248 236 317 1103
667 249 866 311 memineat
886 253 1100 316 bllTl'LENES
1120 257 1288 332 Episcopi
1735 261 1793 326 titt

161 378 251 434 neque
271 362 420 425 habuisset.
447 362 594 416 secundum
624 376 682 428 cos,
697 362 742 416 ubi
778 360 956 430 perpulchras
970 375 992 427 Α
1007 365 1067 419 λετο
1083 368 1104 436 (Ι
1115 369 1138 436 l)
1153 369 1226 421 τόνδε
1243 368 1289 422 τόν
1305 369 1408 439 κόσμον
1422 368 1587 441 πεποίηκεν·
1603 370 1622 440 η
1644 372 1670 424 εἱ
1690 371 1789 443 ἐξῄρει·

161 459 281 513 rationcs
310 470 373 509 snas
397 453 540 522 potestatis
563 453 710 508 turmarum
733 451 879 508 effectricis
904 469 951 523 po·
1006 473 1052 509 σεν
1066 460 1082 529 η
1096 457 1147 528 ύλη
1158 459 1226 529 πρδς
1236 460 1285 531 την
1298 458 1380 513 αύτού
1396 458 1536 531 βούλησιν,
1548 462 1597 515 καλ
1613 462 1709 515 πᾶσαν
1721 465 1793 518 αὑτοῦ

161 556 248 605 neret.
279 546 349 613 Quin
368 545 525 599 etlortasse
554 545 644 615 inopia
670 546 791 599 uniente
817 546 950 602 minorem
1004 551 1055 621 τὴν
1075 552 1231 621 ἐπιστήμην
1248 550 1795 623 ύτιεδείξατο,καλτούςδημιουργινολς

160 658 241 714 qrranr
258 650 378 712 opmsset
395 640 466 722 hunc
488 640 618 695 mundum
636 641 716 707 iecit;
733 651 779 696 ant
802 642 824 695 si
846 641 953 698 sullecit
1005 644 1113 711 λόγους.
1130 639 1215 706 Αὖθις
1237 642 1288 713 τὴν
1308 643 1435 707 ἀτάκτως
1449 646 1496 697 καλΙ
1517 642 1699 715 πλημμελῶς
1718 662 1795 698 κύον·

161 734 246 801 ipsius
260 731 390 785 rohmtati
406 731 529 793 materia.
554 741 636 785 iotam
661 747 738 785 suam
762 732 903 787 scientiam
925 745 951 789 et
1008 734 1226 806 με’νηνὲξισοῦτε
1251 735 1299 787 καλ
1313 735 1549 806 ἀντιπαρεξάγετε
1566 737 1604 805 τῇ
1634 735 1741 805 μεγάλη
1757 738 1796 789 κτλ

158 823 295 881 efficiendi
312 824 433 876 rationes
445 824 623 894 exprompsit.
636 821 772 878 Praeterea
788 834 950 894 potestatem
1006 824 1153 894 ἀμετρητιρ
1169 820 1217 875 τού
1231 822 1298 877 Θεοῦ
1315 822 1444 892 δυνάμει·
1460 824 1535 894 ἥπερ
1556 821 1685 893 ἐδυνήθη
1704 824 1797 904 πάιτας

158 914 283 969 ordinate
309 921 337 967 et
364 911 501 967 incondite
529 927 592 967 sese
615 921 768 967 moventem
801 914 950 984 adaequatis
1004 911 1088 968 αύτού
1108 914 1171 977 τούς
1186 913 1282 982 λόγους
1297 912 1493 982 ὑποδέξασθαι,
1515 915 1565 969 καὶ
1588 914 1716 985 τοσαύτη
1738 911 1797 969 thar

158 1016 186 1060 et
200 1004 337 1082 opponitis
351 1018 455 1073 magne
477 1013 558 1073 etque
573 1004 712 1058 immensae
735 1003 783 1059 liei
811 1007 948 1075 potestati,
1004 1004 1125 1075 ὅσηνπερ
1141 1004 1222 1067 αύτθς
1247 1004 1374 1059 ὲύούλετο
1388 1006 1454 1076 (λθ).
1470 1005 1565 1070 θύτως
1584 1006 1759 1077 πανταχόθεν
1774 1008 1799 1060 ιλ

160 1107 190 1152 ut
202 1111 262 1168 quae
273 1096 393 1167 potuerit
405 1103 519 1150 cunctas
532 1093 591 1163 ejus
607 1094 728 1150 rationes
745 1096 895 1164 suscipere,
923 1106 951 1151 et
1005 1090 1075 1148 εἶναι
1093 1095 1179 1167 αὐτὴν
1192 1096 1325 1166 ὁμότιμον
1338 1096 1376 1166 τῷ
1389 1096 1449 1168 Θεῷ
1463 1099 1480 1169 η
1497 1097 1545 1151 τού
1558 1097 1647 1166 λόγου
1662 1097 1799 1153 ἀκολονθίε

159 1199 234 1244 tanta
248 1203 318 1255 esse,
344 1199 473 1258 quantam
491 1186 549 1256 ipse
564 1185 658 1241 voluit.
673 1187 719 1243 Sic
733 1187 807 1244 omni
823 1203 856 1244 ex
873 1201 951 1260 parte
1006 1187 1163 1257 ἐφώρασεν·
1184 1183 1215 1243 σύ
1239 1190 1265 1242 τί
1281 1187 1313 1243 ἂν
1331 1189 1436 1257 γε’νοιτο
1455 1190 1525 1260 πρός
1543 1188 1683 1244 θσέόειαν
1705 1189 1798 1260 μεῖζον,

158 1294 219 1337 eam
247 1294 309 1335 esse
335 1279 390 1334 beo
426 1291 518 1348 parem
543 1277 665 1345 bonore,
692 1279 824 1337 orationis
856 1294 951 1335 conse·
1003 1276 1051 1331 τού
1074 1276 1123 1349 τἠν
1148 1276 1271 1348 ἄμορφον
1293 1278 1341 1331 καὶ
1364 1278 1483 1333 ἀνείδεον
1505 1279 1555 1332 καλ
1581 1279 1796 1349 ἀσχημάτιστον,

158 1372 269 1443 quentia
295 1367 491 1441 deprehendit;
516 1382 569 1439 qno
582 1366 648 1440 quid
664 1383 725 1424 esse
736 1370 824 1439 possit
840 1370 874 1425 ad
898 1370 951 1424 int·
1004 1368 1110 1434 ἐξισοῦν
1125 1369 1164 1439 τῷ
1178 1369 1254 1438 Θεῷ,
1272 1371 1302 1423 οὐ
1327 1369 1408 1440 μόνον
1422 1370 1493 1424 κατὰ
1515 1370 1547 1423 τδ
1569 1370 1619 1424 del
1637 1366 1799 1434 attendet

159 1463 286 1533 pietatem
299 1458 472 1529 majescum
494 1458 623 1516 deiorrnis
639 1458 679 1515 sio
699 1460 790 1530 specie
809 1468 839 1516 et
866 1460 951 1531 ligura
1007 1462 1064 1534 γὰρ
1077 1462 1124 1516 καὶ
1140 1462 1200 1516 κατ’
1214 1460 1309 1529 αὐτὴν,
1326 1460 1363 1525 ὡς
1377 1461 1476 1527 εἰπεῖν,
1492 1462 1545 1532 την
1558 1461 1685 1532 δύναμιν
1701 1461 1770 1531 (l5);

160 1553 274 1608 rnateria
306 1561 429 1622 aequatur
457 1551 523 1615 beo,
550 1565 604 1605 non
630 1559 736 1606 tantum
764 1550 792 1607 in
819 1567 852 1609 eo
877 1553 949 1623 qrrod
971 1568 1080 1623 semper
1109 1552 1295 1619 exsistensed
1310 1553 1391 1609 etiarn
1413 1553 1485 1622 quod
1511 1554 1644 1608 eaurdem
1661 1567 1798 1625 propene-

131 1675 134 1688 ·
159 1648 222 1700 dum
234 1643 355 1700 obtineat
369 1640 547 1713 potestatem?

195 1736 279 1794 neo.
294 1736 358 1793 Sola
372 1731 475 1791 ratione
498 1737 569 1791 hanc
591 1736 784 1807 comprehendi
809 1751 887 1806 posse
911 1739 952 1793 di·
969 1748 990 1803 p
1039 1738 1130 1791 lhTP.
1143 1738 1226 1807 Μύνῳ
1242 1735 1281 1808 τῷ
1298 1732 1420 1806 λογισμῷ
1433 1732 1488 1805 (ts)
1500 1732 1610 1806 ταύτην
1619 1729 1693 1789 εἶναι
1702 1734 1798 1808 ληπτην

159 1841 236 1895 cunt,
255 1839 282 1884 et
300 1828 413 1884 docendi
429 1827 516 1899 gratia
531 1827 703 1899 simpliciter,
724 1838 752 1883 ut
764 1830 792 1883 in
807 1829 953 1901 hypothesi
1006 1847 1089 1901 φασιν
1104 1820 1174 1892 εἶδος
1185 1828 1252 1897 (tot,
1268 1827 1316 1880 aci
1329 1826 1505 1890 διδασκαλίας
1522 1825 1623 1889 ἀπλῶς
1637 1827 1724 1898 χάριν
1736 1828 1795 1897 (ιθ),

162 1924 218 1978 baec
234 1922 358 1977 docuisse
372 1920 522 1976 Platonem.
1004 1920 1042 1984 ὡς
1056 1921 1086 1973 ἐν
1099 1919 1225 1973 ύποθέσει
1240 1916 1326 1972 ταῦτα
1339 1918 1558 1989 διεξεληλυθέναι
1574 1918 1625 1971 τὸν
1639 1920 1784 1974 Πλάτωνα.

197 2009 280 2082 282
297 2008 435 2069 ClllllST.
450 2007 533 2081 igitur
550 2009 572 2064 si
592 2009 649 2065 sola
665 2008 769 2065 ratione
784 2011 853 2065 banc
867 2010 953 2081 perci·
1040 2010 1152 2065 xerxi.
1166 2009 1281 2074 Οὐκοῦν,
1294 2005 1328 2084 ἦν
1344 2010 1366 2063 δ’
1379 2009 1444 2078 ἐγὼ,
1463 2011 1487 2063 ελ
1505 2010 1583 2082 μόνῳ
1598 2010 1730 2083 λογισμῷ
1742 2014 1798 2066 ταῦ·

164 2104 265 2174 pimus,
278 2101 503 2171 quemadmodum
517 2099 702 2171 tragelaphum
713 2100 804 2156 animo
817 2102 953 2171 huguerus,
1005 2119 1055 2173 την
1068 2102 1253 2173 λαμδάνομεν,
1268 2100 1396 2173 καθάπερ
1414 2102 1460 2154 τθν
1472 2101 1653 2173 τραγέλαφον
1667 2103 1728 2174 (λη
1744 2106 1798 2158 ἀντ·

161 2193 215 2250 crit
232 2202 306 2248 certe
329 2191 460 2262 ejusmodi
476 2201 505 2246 ut
529 2207 578 2247 nec
605 2194 728 2259 exsistat,
743 2207 794 2248 neo
814 2192 952 2248 subsistat.
1006 2189 1197 2263 πλατιόμεθα,
1218 2192 1295 2245 ἔσται
1309 2193 1363 2263 ἀρα
1380 2192 1427 2245 καλ
1444 2193 1624 2263 ἀνύπαρκτος
1638 2195 1692 2248 καλ
1708 2195 1800 2249 ἀνυπό-

160 2283 273 2353 Quodsi
288 2298 379 2339 rerum
395 2290 446 2345 est,
460 2297 512 2337 non
527 2282 653 2353 igiturex
673 2283 784 2340 materia
796 2292 954 2354 antegressa
1007 2291 1114 2348 στατδς.
1130 2284 1198 2337 Ελδὲ
1212 2282 1309 2350 τούτο,
1325 2284 1374 2338 ούκ
1386 2284 1439 2355 ἀρα
1457 2282 1487 2348 ἐξ
1502 2283 1569 2355 ύλης
1584 2284 1599 2336 δ
1615 2283 1691 2349 Θεδς
1707 2286 1801 2341 τόδετὸ

161 2377 234 2432 Deus
247 2375 298 2430 hoc
310 2373 465 2429 universnm
481 2371 632 2439 fabricavit,
648 2374 694 2429 sed
704 2387 737 2428 ex
752 2388 785 2429 eo
797 2375 866 2444 huod
880 2375 952 2429 nihi·
1006 2378 1061 2430 πᾶν
1084 2377 1249 2446 ἐτεκτήνατο
1272 2375 1529 2447 προϋποκειμένης,
1544 2369 1608 2431 ἀλλ’
1626 2376 1665 2431 ἐκ
1683 2377 1801 2449 μηδαμοῦ

160 2469 217 2526 iuro
229 2467 340 2524 omnino
356 2477 424 2521 erat.
440 2464 516 2520 llunc
534 2464 604 2520 eninr
621 2467 746 2520 rtrundunr
763 2479 823 2521 esse
839 2466 952 2531 iactum,
1007 2466 1139 2539 μηδαμῶς
1157 2464 1245 2530 όντος·
1260 2466 1374 2536 γενητδς
1387 2461 1444 2537 ’γὰρ
1459 2467 1502 2520 ὅδε
1517 2469 1532 2521 δ
1550 2466 1665 2539 κόσμος
1678 2470 1765 2541 ἐφάνη
1777 2487 1801 2524 τι

161 2560 376 2616 demonstratum
393 2566 435 2612 est
447 2565 474 2611 et
501 2555 667 2624 consessum,
695 2555 851 2626 habereque
876 2557 954 2611 ordi·
1006 2560 1054 2612 καλ
1074 2556 1268 2629 ὡμολόγηται,
1290 2557 1367 2622 τάξιν
1381 2557 1450 2629 ἔχων
1472 2559 1519 2611 καὶ
1536 2558 1802 2629 hipponiensium

161 2666 224 2707 nem
238 2658 266 2706 et
280 2658 372 2719 aptant
397 2662 565 2718 compagem,
584 2663 644 2718 quae
667 2648 700 2702 ab
722 2648 813 2717 aliquo
841 2648 954 2702 concin-
1005 2666 1078 2712 τινος
1094 2634 1214 2717 γίνονται
1229 2647 1277 2701 τού
1304 2648 1478 2719 ἁρμόζοντος.
1502 2648 1538 2701 Ob
1558 2649 1616 2720 γὰρ
1642 2651 1705 2705 ἀπθ
1726 2650 1802 2723 τύχης

161 2752 246 2799 nante
259 2741 420 2798 efficiantur.
445 2738 503 2795 lion
523 2739 596 2794 eninr
622 2740 735 2794 fortuito
773 2739 860 2809 neque
888 2756 953 2795 casn
1005 2739 1065 2794 οὐδὲ
1086 2740 1256 2811 αὐτομάτοις.
1278 2740 1346 2793 Ἀλλ’
1364 2734 1441 2803 οὗτος
1465 2741 1513 2810 μὲν
1527 2742 1542 2794 δ
1558 2740 1651 2812 μῦθος
1674 2743 1729 2815 τῆς
1744 2744 1801 2815 ύλης

162 2836 309 2891 θιεὶεωιιι.
328 2830 427 2887 Verum
443 2832 501 2886 ltaec
514 2831 635 2885 maceriae
649 2830 749 2897 tabula,
768 2843 796 2886 ct
815 2831 954 2888 insulsitas
1005 2833 1052 2885 καὶ
1066 2834 1081 2903 ἡ
1097 2832 1273 2903 πλημμέλεια
1290 2831 1345 2904 (18)
1360 2831 1406 2885 τοῦ
1423 2830 1609 2901 δοξάσματος,
1624 2834 1741 2900 πολλοῖς
1756 2837 1801 2889 τῶν

162 2922 305 2981 sententie
330 2937 345 2976 a
373 2921 509 2991 plerisque
524 2928 679 2975 nostrornm
704 2937 756 2976 nnn
782 2922 952 2992 ignobilium,
1005 2925 1146 2996 ημετὲρων
1161 2925 1210 2978 ούκ
1224 2924 1345 2993 ἀγεννῶς
1360 2924 1444 2977 πάλαι
1458 2923 1673 2995 διελὴλεγκται.
1686 2928 1798 2991 ‘othir

160 3014 319 3088 iamdudum
352 3012 468 3069 refutata
488 3020 540 3068 est.
569 3010 647 3068 Unde
659 3011 690 3066 in
708 3014 835 3083 praesenti
858 3030 874 3069 a
895 3014 953 3071 dis·
1005 3014 1577 3089 τδπαρθνκαταπαύομεν(19)τὸνλόγον.

162 3111 302 3179 putatione
316 3106 483 3162 desistimus.
968 3085 990 3144 c
1116 3122 1123 3134 ·
1206 3127 1208 3130 ·

200 3200 280 3256 libb.
295 3199 419 3272 Apretna
435 3197 534 3264 oratio,
551 3197 649 3265 amico,
668 3196 695 3252 id
717 3198 787 3267 quoti
812 3198 952 3268 quaerebas
1039 3160 1129 3249 thTP'.
1151 3193 1250 3258 Καλῶς
1266 3195 1339 3266 μὲνό
1354 3189 1487 3264 λόγος,ὧ
1503 3193 1636 3267 φιλότης,
1651 3195 1800 3253 reumate·

163 3293 368 3351 demonstravit.
392 3291 459 3348 item
474 3291 585 3346 adverte
598 3289 643 3360 qui
669 3291 849 3360 persuadeant
874 3306 953 3346 mun·
1004 3286 1118 3359 ζύμενον
1137 3287 1289 3354 ἀπέδειξεν.
1312 3288 1383 3358 Ὅρα
1398 3287 1426 3341 δὲ
1445 3288 1520 3352 ὅπως
1537 3285 1797 3362 κατακομψτύονττι

163 3386 227 3441 dum
242 3399 335 3441 carere
354 3383 488 3454 principio
502 3392 529 3437 et
545 3380 608 3437 one.
1003 3373 1048 3428 τδν
1060 3375 1163 3444 κόσμον
1174 3376 1291 3449 ἄναρχον
1302 3372 1370 3432 εἷναι
1384 3378 1431 3432 καλ
1446 3376 1649 3450 ἀτελεύτητον.

198 3472 336 3533 GtihiST.
351 3472 447 3530 Narra.
1038 3467 1152 3520 ΧΡΙΣΤ.
1172 3467 1250 3523 dicht.

199 3565 282 3623 tiso.
301 3564 531 3624 perfectissimam
571 3563 683 3635 liguram
719 3563 857 3632 globosam
893 3577 953 3619 esse
1038 3559 1130 3614 lhTP.
1150 3561 1324 3615 Τελῑῑόταῖθν
1344 3561 1503 3634 σχημάτων,
1522 3562 1554 3616 τὸ
1571 3563 1795 3640 rocipiendus

163 3659 312 3733 geometria
325 3658 415 3722 docet,
428 3667 458 3712 ut
475 3671 535 3727 quae
553 3671 642 3727 neque
665 3656 830 3726 principium
855 3656 954 3710 habeat
1003 3650 1160 3722 γεωμετρία
1174 3653 1267 3723 φησιν,
1286 3652 1323 3717 ὡς
1343 3655 1411 3724 μήτε
1426 3653 1513 3725 ἀρχὴν
1536 3654 1602 3726 ἔχον
1627 3659 1699 3730 μηδ’
1714 3657 1746 3712 nd
1762 3673 1794 3711 τε·

164 3751 355 3824 trequehoenr.
383 3749 450 3804 Eam
475 3760 565 3805 autern
593 3751 666 3804 lrnnc
703 3748 833 3804 mundum
859 3747 952 3803 sortiri
1003 3743 1111 3816 λεντην.
1128 3743 1229 3800 Τούτου
1244 3745 1272 3798 δὲ
1287 3747 1361 3799 τόνδε
1378 3744 1424 3799 τόν
1439 3747 1541 3817 κόσμον
1567 3751 1791 3822 μεταλαγχάνειν,

163 3852 291 3914 aspectus
305 3843 434 3898 ostendit.
449 3839 598 3912 Oportebat
611 3842 683 3896 enim
696 3840 951 3911 praestantissimam
1004 3837 1021 3908 ἡ
1038 3836 1100 3906 δψις
1111 3837 1259 3892 δείκνυσιν.
1278 3837 1351 3891 Ἔδει
1363 3838 1419 3910 γὰρ
1433 3838 1463 3891 τό
1475 3838 1589 3909 ἄριστον
1602 3845 1659 3896 καλ
1669 3844 1792 3898 τελειότε-

163 3936 276 4008 tipuranr
301 3944 328 3991 et
353 3930 579 4006 perfectissimam
606 3934 840 4006 prestantissimae
865 3932 903 3987 rei
925 3939 954 3987 ct
1003 3945 1049 3981 τον
1066 3929 1226 3999 σχημάτων,
1244 3928 1283 4001 τῷ
1295 3930 1399 4001 ἀρίστῳ
1412 3931 1466 3983 τῶν
1477 3931 1639 3998 γεγονότων
1653 3935 1703 3989 καλ
1716 3934 1790 4003 τελεύρ

163 4025 371 4084 absolutissimae
394 4025 516 4081 attribui.
547 4024 652 4082 videsis
684 4024 767 4097 igitur
791 4039 844 4095 qun
873 4034 952 4094 pacto
1004 4020 1189 4104 περιτεθηναι.
1213 4014 1350 4093 ’θρασύν
1372 4021 1791 4098 ὅπωςκαιδιάτούσχημττύς

162 4119 291 4187 perhanc
311 4119 423 4189 hgnranr
448 4117 562 4188 hujusce
583 4116 675 4174 mundi
700 4119 839 4173 aeternitas
852 4127 952 4189 aparte
1004 4128 1070 4179 φασι
1085 4112 1116 4166 τὸ
1137 4114 1252 4184 ἄναρχον
1270 4114 1317 4168 καλ
1337 4111 1515 4183 ἀτελεύτητον
1530 4112 1612 4167 τούδε
1629 4117 1684 4170 τού
1704 4117 1793 4188 κόσμοι

164 4211 304 4281 utriusque
336 4210 450 4266 extremi
476 4210 691 4266 demonstratur.
726 4208 866 4280 Siquidem
891 4209 950 4280 glo·
1002 4203 1184 4273 διαφαίνεται.
1196 4205 1282 4276 Εἴπερ
1297 4205 1326 4258 τό
1340 4206 1485 4276 σφαιρικὸν
1505 4206 1615 4276 σχῆμα,
1633 4208 1701 4263 ούτε
1720 4211 1795 4283 ἀρχὴν

161 4304 228 4359 bosa
242 4303 337 4373 ligura,
350 4315 437 4370 neque
449 4301 610 4370 principium
619 4301 710 4367 habet,
726 4316 813 4371 neque
827 4302 919 4356 tinent.
1002 4294 1069 4363 ἔχει,
1083 4294 1138 4348 οὐδ’
1150 4292 1184 4350 αὖ
1198 4297 1337 4368 τελευτήν.

197 4407 333 4464 θίλθΙὸΤ.
355 4408 419 4475 Sed,
436 4421 453 4462 o
468 4408 616 4476 lortunate,
630 4410 696 4466 inihi
720 4420 747 4466 et
773 4412 820 4466 tibi
848 4412 950 4481 princi·
966 4425 989 4480 p
1038 4408 1151 4463 ΧΡΙΣΤ.
1178 4408 1258 4472 Ἀλλ’,
1273 4401 1295 4462 ὦ
1311 4412 1441 4482 μακάριε,
1455 4405 1489 4482 ἦν
1502 4411 1524 4463 δ’
1540 4409 1609 4479 ἐγὼ,
1621 4414 1690 4485 ἐμοὶ
1703 4416 1750 4469 καὶ
1763 4414 1796 4467 σύ.

162 4497 236 4568 pium
252 4497 365 4566 lrrihrsce
381 4495 475 4567 figurae
500 4498 756 4571 incomprehensum
773 4510 842 4563 este
857 4516 952 4557 ornnes
1003 4498 1021 4567 ιλ
1043 4499 1115 4570 ἀργὴ
1136 4500 1213 4554 τοῦδε
1229 4502 1276 4555 τοῦ
1299 4505 1439 4574 σχήματος
1460 4502 1592 4570 ἄληπτος.
1622 4508 1686 4572 Πᾶς
1712 4508 1796 4580 μένεν.

163 4597 254 4645 tauron
271 4587 364 4643 circuli
381 4587 542 4659 principium
556 4599 584 4646 et
603 4591 685 4648 finem
711 4592 822 4648 habent.
856 4580 962 4660 Quen-⁵
1003 4587 1120 4655 κύκλος,
1143 4593 1229 4664 ἀρχὴν
1255 4595 1311 4665 ἔχει
1342 4596 1388 4649 καὶ
1411 4595 1552 4674 τελευτήν·
1587 4597 1674 4653 Ἐπεὶ
1696 4600 1796 4672 παρίτω

163 4674 307 4749 nequidem
327 4674 438 4731 accedat
453 4686 602 4747 geometra,
628 4689 655 4736 et
681 4683 815 4739 describat
836 4682 948 4755 figuram
1003 4683 1175 4755 γεωμέτρης,
1196 4688 1242 4738 καί
1262 4687 1463 4757 καταγραρέτω
1484 4685 1543 4739 τόδε
1566 4688 1597 4741 τδ
1622 4689 1725 4763 σχῆμα
1745 4688 1795 4744 ἐτι·

212 4882 241 4937 ll
271 4880 324 4937 CC.
341 4878 371 4934 Ρ.
390 4878 529 4950 hostilico.
1004 4885 1114 4940 Sextum
1134 4886 1231 4940 Contra
1254 4888 1452 4941 mnthernnticor
1473 4886 1611 4958 principio
1632 4889 1700 4947 libri
1718 4893 1792 4950 tertii.

213 4952 246 5009 λθ
285 4952 440 5032 Ὄσηνιιαμ
464 4949 556 5015 αὐτὸς
586 4949 737 5004 docuisse.
760 4950 794 5006 Ut
821 4951 946 5006 nimirum
1002 4954 1050 5008 ila.

164 5025 302 5079 meliorem
315 5034 343 5077 et
356 5023 507 5092 ‹tiprnorunr
523 5020 581 5092 ipse
595 5019 667 5076 beus
681 5030 776 5089 optare
792 5037 844 5076 non
857 5032 948 5091 posset
1039 5015 1094 5094 (li)
1118 5023 1158 5087 C,
1191 5025 1236 5077 καὶ
1269 5024 1398 5096 καθάπερ
1429 5025 1475 5079 τὸν
1498 5025 1693 5099 τραγέλαφον.
1721 5033 1792 5098 Qnm

163 5103 209 5147 aut
227 5092 315 5149 uellet.
332 5090 380 5146 litt.
1004 5094 1057 5146 tale
1073 5092 1109 5147 ali
1131 5094 1182 5147 uod
1207 5096 1307 5148 attinnt
1323 5097 1348 5147 in
1369 5110 1460 5149 reruni
1476 5110 1574 5151 tratura
1593 5112 1666 5156 vere
1680 5117 1790 5172 trnqrnn

200 5162 255 5233 tlh)
284 5161 352 5215 lina·
379 5161 476 5233 αὐτὴν
496 5162 553 5231 την
572 5159 711 5232 δύναμιν.
740 5159 834 5227 eruad
862 5163 947 5232 ipsam
1003 5108 1284 5218 lueriniirtannum
1306 5177 1413 5218 amnem
1439 5164 1539 5220 Phasin
1570 5178 1687 5226 exstare
1706 5173 1791 5226 scribit

163 5235 244 5288 eatan
258 5231 415 5301 potentiam.
430 5234 478 5289 iti.
1004 5232 1107 5287 Plinius
1121 5232 1168 5287 tin.
1186 5248 1244 5296 νιιι,
1260 5250 1285 5287 c.
1300 5234 1345 5288 53.
1363 5235 1468 5289 Dudum
1483 5246 1619 5291 notarunt
1635 5242 1696 5294 alii.
1714 5240 1761 5295 Ba.

199 5301 255 5370 (tt)
277 5301 361 5366 Νόθω
383 5300 527 5377 λογισμῷ.
547 5300 627 5375 Νθθῳ
651 5300 727 5355 νόθον
750 5314 809 5357 csse
827 5312 901 5372 puto,
922 5311 949 5354 ct
1036 5302 1091 5370 titt)
1107 5301 1285 5373 Πλημμέλεια
1301 5305 1428 5372 σημαίνει
1444 5305 1474 5357 rb
1488 5307 1519 5358 ὲκ
1530 5305 1668 5379 δευτέρου
1680 5312 1716 5364 τὰ
1729 5308 1790 5363 αὐτὰ

183 5369 401 5439 λιιινΙιιρεοιιιιιιι
418 5373 500 5448 μόνῳ.
518 5371 584 5429 liam
604 5371 769 5445 rprrmspuria
789 5371 834 5427 illa
859 5371 949 5425 ratini
999 5371 1152 5440 φροντίζειν
1178 5372 1225 5424 τού
1253 5371 1341 5440 λέγειν
1369 5375 1385 5443 ἢ
1411 5375 1677 5443 ὲποιναλαμδάνειν·
1703 5392 1790 5435 artetur

177 5452 203 5493 ta
220 5437 338 5492 ridiculae
353 5441 462 5497 lectioni
473 5458 504 5499 uc
526 5442 647 5499 uiuscere
661 5441 802 5498 ridiculum
813 5451 865 5495 est.
878 5441 946 5495 iun.
999 5438 1027 5492 Ει
1051 5441 1173 5510 rrroiugici
1200 5444 1299 5509 stingui.
1323 5443 1440 5513 Cyritlns
1467 5444 1494 5500 in
1517 5445 1686 5506 Glossario:
1702 5450 1788 5519 Πλημ·

212 5508 254 5575 15)
273 5507 309 5562 Le
328 5511 426 5565 endum
444 5507 461 5586 ἢ
476 5458 553 5576 ηιλς,
898 5581 904 5593 ι
999 5454 1126 5580 μέλημα·
1132 5521 1286 5592 peccatum.
1309 5514 1447 5574 delictam.
1465 5530 1585 5579 rentem,
1602 5523 1787 5580 commiscent

210 5580 256 5652 to}
269 5524 471 5649 uniuersum
483 5583 586 5649 όνιόῶς
599 5581 696 5653 χάριν.
711 5580 804 5635 Sohnn
819 5579 949 5660 doctrinae
998 5578 1166 5649 πλημμελω·
1184 5583 1317 5649 delinquo,
1338 5599 1424 5650 pecco,
1439 5584 1563 5638 odnritto.
1581 5585 1637 5645 Bs.

162 5652 268 5724 ςιιιίι,
287 5650 320 5723 ‚in
343 5651 485 5723 hypothesi
511 5667 618 5723 uernpe.
649 5655 686 5707 be
717 5652 794 5721 cujas
822 5664 870 5708 usu
888 5652 948 5704 nde
1033 5653 1090 5719 (tot
1107 5653 1332 5720 Κατοπυύομεν.
1351 5654 1488 5709 ststinrus.
1504 5653 1555 5708 m.
