3817 6075
144 286 195 358 iil
873 288 1039 353 nortus.
1719 293 1772 358 τῃ

144 405 172 459 ls
185 400 272 468 uniat,
289 410 319 456 ut
333 400 455 471 apposite
464 400 593 456 uhserrat
607 397 707 453 ilillius
721 398 771 469 (ul,
791 411 854 452 mox
873 397 908 453 ah
919 396 1045 469 evulgata
1062 394 1245 469 Epistularum
1257 398 1288 459 S.
1299 399 1376 456 Pauli
1389 400 1520 467 editione,
1532 399 1561 455 in
1578 398 1693 456 Aetihns
1704 414 1772 470 apo·

146 506 278 562 smlorum
300 512 327 560 et
344 504 487 561 catholicis
507 503 638 575 Epistolis
651 502 807 575 digerendis
819 516 934 573 pensum
954 503 1027 560 idem
1043 505 1078 561 ah
1090 520 1120 561 se
1133 515 1286 577 peractum,
1310 510 1399 580 palam
1421 508 1574 580 profitetur,
1590 508 1772 565 Athanasium

146 613 287 683 alloquens
308 610 352 666 his
367 610 460 667 uerbis
483 610 520 681 (h)
536 627 544 663 s
559 608 885 679 manducationem
901 607 1009 663 Παύλου
1025 607 1118 680 illilus
1133 610 1306 681 ἀνεγνωκὼς,
1327 612 1461 670 nutrita
1477 613 1568 668 aurs
1579 613 1712 687 ualahuds
1722 613 1773 686 τὴν

145 717 200 772 τῶν
218 714 557 786 ἀποστολτκῶνΠραξτωτ,
575 711 634 785 ἄμα
650 714 684 784 τῃ
701 712 756 766 τῶν
769 711 925 767 eatetenus
941 713 1108 769 Ἐπιστολῶν
1127 715 1268 789 emptor,
1287 719 1420 790 πονήσας,
1439 718 1544 791 ἀρτίως
1566 736 1608 773 aut
1626 719 1772 790 πέπομφα.

147 821 215 878 Gaas
226 836 287 893 arpo
298 819 477 891 Epistularum
486 817 567 874 Pauli
579 817 674 872 lihrnnt
688 833 771 873 moen
783 816 899 874 aurailus
914 817 1101 885 distisaisacrn,
1111 836 1231 878 acturus
1244 837 1334 881 nuans
1350 824 1468 879 cumdem
1482 840 1589 895 operans
1603 826 1629 879 in
1641 824 1774 895 apostulo-

147 939 208 981 ssssn
219 939 320 997 uacuus
331 921 437 978 Actiirss
451 938 484 978 ac
501 933 600 994 soptcrn
617 921 752 977 catholicis
764 920 890 992 Epistolis
911 921 1102 997 disuspuendts
1118 926 1245 996 impendi,
1262 942 1372 999 ceraque
1387 927 1595 984 lucubrationem
1610 930 1687 985 rnudo
1701 930 1737 985 ud
1748 939 1774 985 tc

147 1029 219 1086 enisi.
236 1027 306 1085 Cum
321 1028 415 1100 itaque
429 1034 547 1084 testetur
564 1025 711 1081 Euthalins
726 1026 761 1097 (c)
778 1024 909 1083 Paulinus
923 1025 1089 1099 Epistulas:
1105 1045 1136 1087 se
1154 1030 1239 1087 inisse
1252 1028 1397 1089 distinctas
1421 1048 1494 1090 annu
1507 1034 1571 1099 458,
1592 1043 1675 1106 atque
1694 1034 1773 1091 alteri
1793 1073 1799 1087 .

147 1135 268 1190 Actnum
281 1132 494 1204 apostolicorum
503 1129 711 1200 operi,ahslns‚
728 1129 819 1185 stutirn
835 1143 884 1186 sen
897 1145 1087 1200 mammonam
1096 1133 1250 1190 admouisse
1263 1152 1271 1190 s
1283 1135 1310 1192 id
1323 1149 1390 1194 reru
1404 1137 1514 1194 demum
1529 1139 1686 1211 praestiterit
1697 1138 1774 1197 inse·

148 1252 251 1313 quense
264 1252 339 1296 annu
351 1238 415 1305 454,
430 1238 490 1294 siro
506 1245 538 1294 ut
549 1237 667 1293 maxime
679 1236 743 1304 tho,
755 1236 889 1308 adeoque,
899 1243 932 1293 nt
945 1236 1065 1305 uidetur,
1086 1251 1149 1293 cnm
1167 1238 1259 1295 adhue
1272 1239 1381 1297 diaconi
1391 1255 1507 1300 munere
1522 1246 1684 1317 iungeretur
1701 1265 1709 1303 s
1725 1261 1774 1303 uc-

148 1360 204 1418 que
221 1344 339 1416 proinde
351 1342 520 1400 Athanasius
532 1342 637 1415 iunior,
645 1356 728 1414 quem
740 1341 777 1398 ad
792 1342 950 1399 cathedram
965 1341 1178 1402 Alexandrinam
1193 1357 1265 1399 auno
1279 1343 1332 1401 494
1341 1355 1467 1403 evectum
1477 1349 1673 1421 comperimus,
1689 1349 1775 1407 luerit

149 1457 317 1513 Athanasius
331 1455 376 1510 ille
388 1454 431 1509 cui
447 1467 528 1509 suum
544 1452 681 1523 posterius
698 1467 768 1525 opus
783 1466 858 1509 annu
872 1450 983 1508 circiter
994 1446 1047 1504 lou
1059 1445 1214 1504 coniectum
1228 1446 1329 1506 dicarit
1344 1451 1489 1509 liuthalins
1501 1471 1508 1508 :
1522 1454 1570 1511 sed
1580 1454 1673 1526 potius
1687 1454 1774 1513 Atha·

149 1556 244 1612 nasim
257 1553 409 1626 presbyter,
423 1551 453 1607 S.
479 1551 571 1624 cyrilli
587 1530 764 1608 Alexandrini
776 1567 811 1608 es
830 1565 924 1609 surore
943 1567 1041 1625 nepus,
1061 1552 1141 1624 eujus
1154 1551 1282 1622 superius
1308 1555 1500 1626 meminimus3
1516 1574 1599 1630 quesn
1629 1570 1775 1632 propterea

151 1660 269 1731 ipsemet
281 1665 389 1722 οττοτοτ,
404 1655 449 1712 acl
460 1656 603 1722 diaeonus,
620 1655 673 1723 vel,
690 1655 715 1712 si
730 1657 830 1724 masis,-
845 1655 903 1727 lam
916 1655 1070 1728 presbyter,
1084 1654 1198 1723 fratrent
1218 1654 1318 1713 merito
1332 1655 1476 1728 appellarit
1492 1657 1530 1731 (4)
1542 1675 1551 1716 s
1561 1671 1643 1731 porro
1662 1670 1775 1718 senten-
1797 1717 1799 1724 ,

151 1764 216 1819 dam
226 1776 310 1833 mam
324 1760 466 1831 sequium
479 1760 515 1816 de
536 1759 680 1817 suhdititiu
692 1760 814 1815 Euthslii
831 1759 1002 1832 episcopatu,
1016 1762 1160 1821 confirmat
1172 1765 1258 1840 magis
1276 1765 1368 1822 adhue
1382 1764 1456 1822 ldem
1470 1765 1616 1824 Enthalius
1629 1786 1638 1823 τ
1650 1766 1698 1840 uui
1710 1768 1775 1825 dum

151 1870 181 1926 in
197 1870 314 1924 Actunns
328 1865 514 1938 apostulorum
526 1881 597 1938 upus
610 1865 791 1939 digerendum
815 1866 999 1935 inenmheret,
1017 1883 1048 1924 se
1065 1868 1157 1940 ipsum·
1171 1869 1232 1926 ν4ον
1252 1869 1359 1945 χρόνων
1372 1888 1403 1927 το
1417 1872 1465 1927 uui
1487 1871 1670 1945 μαθημάτων,
1695 1883 1776 1931 atutc

146 1976 273 2047 jassenna
296 1983 323 2029 st
347 1973 474 2030 marinis
493 1972 662 2029 moheritcr
680 1973 838 2027 issstructuss
856 1971 942 2028 inimo
960 1979 1077 2029 testatm
1092 1974 1139 2047 (c).
1153 1973 1219 2042 Qun
1230 1974 1341 2047 quidem
1349 1977 1432 2033 recha
1444 1976 1510 2034 satis
1526 1977 1680 2035 luculenter
1697 1978 1776 2036 erin·

149 2093 228 2151 eane
241 2080 377 2155 eiusmodi
388 2079 527 2153 posterius
543 2094 622 2151 opus,
642 2078 725 2150 paulu
740 2087 802 2150 pust
816 2076 952 2150 Epistulas
965 2077 1094 2135 Paulinae
1105 2087 1275 2151 susceptum,
1288 2086 1320 2135 u't
1332 2079 1412 2138 modo
1423 2093 1457 2137 ea
1466 2093 1500 2137 eu
1509 2080 1676 2153 accepimus,
1691 2081 1776 2140 luisse

151 2191 188 2247 ah
200 2200 316 2245 auctura
336 2191 433 2242 nostro
445 2183 642 2256 cunsmlptnm,
656 2197 719 2240 cum
736 2182 765 2237 in
785 2182 963 2239 diaconorum
979 2183 1065 2256 gradu
1080 2183 1232 2240 etiamnum
1252 2184 1425 2253 consisteret,
1442 2186 1501 2243 sire
1523 2193 1553 2244 nt
1573 2187 1691 2245 manime
1712 2204 1776 2245 cunr

152 2309 242 2366 nuper
254 2289 404 2348 admodum
420 2289 455 2346 ad
468 2288 673 2361 presbyteratus
687 2286 811 2343 ordinem
830 2285 955 2344 iomassis
967 2271 1066 2345 inisset
1086 2299 1208 2345 erectus.
1225 2288 1305 2348 llune
1323 2300 1415 2347 antem
1430 2291 1549 2348 Euthalii
1572 2293 1663 2351 locum
1683 2293 1776 2351 mirari

153 2400 226 2456 suhit
239 2398 381 2454 minuero
395 2393 508 2451 luisses
525 2391 661 2464 Zacapniu
676 2389 721 2463 (tl,
740 2391 866 2448 rancide
884 2393 921 2465 (9)
943 2391 1059 2463 aliisque
1081 2389 1109 2446 ln
1122 2392 1205 2448 aliurn
1223 2406 1335 2450 sensnm
1356 2394 1531 2466 ascriptoris
1555 2405 1647 2453 mente
1662 2413 1777 2469 prorsus

156 2502 273 2557 alienum
291 2501 448 2564 detortum
462 2510 517 2568 quo
535 2494 667 2551 nimirum
681 2509 731 2550 sua
745 2493 868 2565 ipsorum
882 2493 982 2565 placita
1000 2494 1035 2553 de
1050 2495 1177 2553 Sulcensi
1193 2495 1313 2552 Euthalii
1327 2496 1487 2569 episcopatu
1504 2505 1661 2557 astruerent
1673 2501 1775 2559 conha-

156 2614 327 2676 recreatque.

192 2729 237 2788 ll.
253 2729 311 2788 lam
328 2745 393 2788 seru
407 2730 430 2787 si
445 2729 507 2801 quis
524 2727 558 2784 ad
578 2728 637 2783 haee
660 2726 782 2782 animum
805 2725 951 2800 diligenter
964 2724 1098 2794 atteudat,
1114 2741 1200 2799 eaque
1219 2726 1271 2783 rite
1283 2726 1435 2800 perpendat
1446 2744 1479 2784 ac
1497 2728 1581 2785 latins
1597 2729 1718 2799 diducat,
1741 2732 1777 2790 de

155 2837 243 2897 nmtri
258 2837 377 2896 nutum
398 2836 560 2910 episcopatu
580 2832 723 2890 dubitandi
740 2847 834 2889 ansam
851 2832 946 2888 saltem
968 2830 1090 2902 arripiat
1114 2825 1210 2903 Neque
1228 2830 1365 2888 immerito
1384 2829 1528 2888 enimuero
1541 2833 1673 2905 suspicari
1666 2831 1775 2905 'hucac

153 2945 316 3017 scriptorem
336 2941 426 3015 quode
438 2939 576 3012 loquimur
587 2937 622 2993 ah
643 2936 734 3008 aliquo
748 2935 900 2991 ldrrariu'
873 2934 955 2991 nrmis
969 2934 1116 2991 liberaliter
1130 2935 1215 2993 sacris
1229 2935 1323 2993 inlulis
1333 2935 1418 2993 inisse
1436 2945 1571 2993 auctum:
1585 2953 1619 2993 eu
1637 2936 1666 2994 in
1681 2939 1777 3012 primi.

155 3050 277 3117 numine,
296 3047 381 3120 quud,
399 3054 431 3103 nt
447 3045 530 3103 modu
544 3042 722 3109 advertimus,
738 3025 809 3096 unns
812 3040 932 3096 cadesa
947 3037 1080 3114 Zacagnio
1094 3042 1227 3099 excitatns
1240 3042 1398 3114 dignitatem
1413 3042 1569 3113 hujusmodi
1586 3042 1713 3103 hurmio
1723 3045 1778 3102 τε.

154 3155 254 3228 gutur.
275 3151 412 3208 Nimirum
432 3147 560 3205 lihrarins
581 3146 638 3212 ille,
656 3144 721 3201 dum
736 3143 879 3216 prologum
893 3143 1096 3201 Euthaliannm
1100 3147 1135 3202 ad
1149 3146 1234 3208 Actus
1251 3146 1437 3218 apostolurum
1449 3147 1647 3216 exscriberet(
1640 3148 1673 3205 ris
1688 3148 1778 3209 uerbi,

155 3267 296 3333 permotus
308 3256 408 3329 quihus
421 3262 517 3311 auctor
533 3251 714 3308 Athanasium
724 3252 836 3324 fratrem
850 3248 978 3322 appellat,
993 3265 1082 3321 neque
1091 3249 1160 3306 alios
1170 3260 1268 3321 praeter
1282 3250 1351 3307 duos
1362 3249 1526 3307 Athanasius
1538 3266 1698 3324 agnoscens,
1712 3268 1778 3309 ω..

153 3360 252 3439 iecerit
261 3362 423 3436 primumca
438 3359 521 3416 rerha
534 3373 590 3414 non
602 3370 664 3414 esse
675 3355 839 3427 accipienda
848 3354 883 3411 de
897 3354 995 3427 ussich
1005 3354 1167 3422 Athanasio,
1178 3371 1225 3427 qm
1216 3354 1336 3411 seems
1346 3369 1375 3411 ιν
1387 3354 1595 3413 desinentee'
1570 3357 1638 3414 stris
1648 3359 1776 3453 ατοοεοίτ,

155 3470 205 3527 sed
218 3471 253 3526 de
275 3468 362 3524 alteru
375 3464 537 3532 Athanasio,
551 3478 597 3534 qur
590 3460 705 3517 'sedem
727 3456 940 3515 Alexandrinam
958 3448 1009 3514 sab
1023 3454 1119 3549 tlriem
1127 3457 1251 3515 saeeulir
1273 3457 1440 3530 occupavis-
1457 3457 1522 3516 tuuc
1541 3460 1616 3517 enim
1643 3438 1777 3535 ,θένω

155 3575 318 3648 oportebat;
335 3567 556 3645 quandoquidem
574 3572 690 3622 testatur
704 3562 821 3633 ipsemet
835 3566 938 3616 auctor·
947 3560 1090 3633 scriptioni
1102 3564 1212 3618 minum
1224 3561 1378 3620 admouisse
1391 3579 1463 3622 annu
1476 3564 1540 3632 458,
1555 3575 1585 3621 ut
1597 3567 1723 3639 superius
1735 3568 1777 3625 τῇ.

155 3680 256 3738 dinus.
270 3677 376 3735 Deinde
390 3689 457 3731 reru
471 3671 628 3745 intelligens
637 3668 709 3728 idem
724 3665 854 3724 lihrarins
870 3664 1048 3724 Athanasium
1065 3667 1204 3739 iuniorem
1218 3666 1365 3741 praesulem
1378 3669 1591 3728 Alexandrinum
1603 3674 1715 3745 fratreas
1728 3690 1778 3732 ru.

156 3788 212 3844 cari
227 3784 301 3845 haud
315 3782 441 3857 putuisse
453 3779 507 3836 nisi
521 3778 557 3834 ah
573 3774 699 3834 Euthaliu
713 3774 770 3847 jam
784 3773 932 3845 episcopo:
948 3771 1095 3846 eapropter
1106 3774 1201 3831 neseio
1214 3790 1296 3847 quam
1309 3777 1466 3834 cathedram
1475 3778 1656 3851 episcopalem
1669 3774 1778 3837 sapei..

154 3906 217 3948 scrs·
226 3888 353 3963 seriptori
364 3896 461 3945 nostru
474 3883 631 3941 attrihuerit
646 3900 655 3937 ε
673 3895 735 3951 que
749 3892 815 3935 saue
826 3875 855 3933 ln
873 3892 904 3934 ea
918 3872 1029 3950 regiime
1043 3876 1090 3935 uhi
1100 3876 1215 3952 degebat
1230 3880 1419 3952 scrihehatque
1433 3893 1528 3940 noster
1541 3882 1695 3954 hathuide,
1710 3902 1778 3947 nus.

158 3995 233 4065 piam
246 4006 311 4048 eaas
321 3991 353 4046 in
363 3998 486 4048 ueterum
504 3984 721 4062 geographorum
733 3979 853 4051 seriptis,
869 3985 928 4036 idm
943 3979 973 4036 in
984 3983 1103 4041 untionis
1120 3978 1326 4079 eniscopatunm
1338 3984 1442 4043 notitiis
1456 3987 1603 4059 reperitur.

199 4138 235 4194 i.
249 4137 344 4209 licum
356 4153 421 4195 reru
432 4137 486 4195 hue
498 4133 652 4195 reuocanda
662 4132 720 4191 sire
733 4129 833 4199 Sulcis,
847 4127 980 4188 Sardiniae
991 4131 1058 4189 urhs
1071 4141 1122 4189 aut
1132 4132 1363 4207 oppidum,anus
1377 4133 1502 4190 meminit
1516 4133 1545 4189 in
1559 4133 1705 4192 ltissrsris
1718 4135 1777 4192 An·

127 4240 131 4245 ’
164 4246 276 4309 turrinus¹
289 4243 338 4321 (4),
354 4242 497 4317 Pomponio
519 4243 595 4301 hlelac
611 4241 683 4299 dieta
699 4238 790 4296 Suichi
804 4237 849 4311 (i),
865 4245 894 4294 et
908 4234 1036 4295 Straboni
1056 4238 1168 4310 Σουλχο4
1188 4239 1225 4310 (τ)
1242 4254 1250 4294 τ
1267 4239 1325 4297 sire
1343 4237 1444 4307 Saleii,
1458 4248 1609 4297 memorata
1629 4240 1658 4297 la
1673 4237 1777 4299 liutitls

158 4349 262 4407 Leonis
274 4324 447 4421 imperaturis
460 4347 592 4406 editionis
606 4344 797 4417 mcercuiana
810 4342 883 4399 inter
906 4340 989 4397 urhus
1010 4341 1179 4399 Mauritaniae
1202 4343 1341 4410 monada,
1355 4358 1415 4416 qua
1428 4351 1521 4402 umen
1536 4359 1598 4400 enm
1623 4343 1778 4403 Sardiniam

157 4455 316 4527 uicinasque
332 4453 416 4511 urhes
431 4453 668 4527 complecteretur,
684 4448 808 4507 ονωᾱοω
822 4461 884 4503 esse
907 4461 971 4502 cuns
988 4447 1160 4518 precedente
1183 4447 1269 4520 ipsius
1289 4447 1423 4506 Sardinia
1443 4448 1538 4505 insuia
1556 4450 1779 4522 compositumne

159 4560 254 4617 uidere
274 4567 317 4616 est
339 4561 411 4632 apud
427 4559 565 4616 lictorem
578 4558 719 4614 ilitensem
738 4554 776 4627 (4)
795 4552 910 4625 ejusque
928 4561 1114 4608 emanaturam
1129 4552 1302 4610 iluinartium
1317 4551 1356 4625 (4).
1373 4555 1410 4609 At
1430 4569 1496 4611 νοτο
1507 4553 1658 4625 zacagnius
1678 4564 1708 4610 nt
1722 4557 1778 4610 Eu·

165 4662 251 4720 thalia
263 4663 452 4736 episcopatum
464 4672 580 4730 asserat,
595 4658 761 4732 conjecturis
776 4655 921 4727 indulgens
933 4654 1081 4725 esisumat,
1092 4654 1211 4722 δνὶαοτττ,
1225 4658 1303 4729 eujus
1311 4667 1407 4715 auctor
1419 4665 1511 4713 nmter
1526 4656 1610 4712 inerit
1622 4656 1776 4726 episeopus,

157 4766 282 4825 eamdem
293 4781 355 4824 esse
366 4782 399 4824 ao
413 4766 566 4833 Pselchunr,
585 4765 681 4821 urhem
701 4761 806 4818 scilicet
821 4757 902 4832 Syeni
916 4756 1066 4815 Thebaidis
1079 4760 1260 4831 propinquam
1271 4759 1332 4828 (το).
1353 4759 1408 4815 Sed
1420 4760 1520 4815 eruditi
1534 4759 1585 4813 viri
1599 4755 1778 4825 coniectatio-

155 4888 220 4929 nem
233 4872 302 4929 uihil
324 4881 448 4929 muratus
470 4873 555 4928 inisse
568 4870 677 4925 videtur
694 4867 729 4923 cl.
745 4863 920 4935 Leqnienns:
939 4860 987 4932 qui
999 4861 1052 4917 hae
1069 4862 1103 4917 de
1116 4861 1182 4915 sede
1193 4860 1276 4914 serha
1288 4859 1401 4924 lauans,
1415 4868 1496 4927 atque
1509 4873 1542 4913 ea
1554 4858 1631 4913 Actis
1648 4857 1778 4914 condilo-

154 4994 219 5034 rum
236 4978 365 5051 Ephesini
380 4988 409 5035 et
420 4975 651 5035 Chalcedonensis
675 4970 824 5028 Ecclesiam
840 4966 913 5021 illam
927 4962 1068 5034 Ψυγχοῦς,
1089 4959 1231 5032 Psynchus,
1243 4974 1299 5014 nun
1314 4959 1439 5025 Pselchae,
1455 4960 1606 5031 appellans,
1625 4960 1698 5016 inter
1717 4960 1779 5033 elus

193 5196 233 5265 lul
248 5196 400 5266 Prolegum.
416 5195 501 5250 adli
525 5193 599 5248 lest.
616 5189 674 5254 Ge,
696 5201 772 5242 nans.
792 5183 855 5249 944,
880 5193 941 5251 pag.
1032 5173 1069 5246 (h)
1084 5173 1175 5227 itiner.
1182 5186 1243 5242 pag.
1258 5170 1341 5228 84-84
1355 5171 1420 5228 edit
1432 5171 1549 5230 Wessd.

155 5265 422 5323 monterionem
1034 5247 1064 5314 (τ’)
1084 5242 1216 5311 eorpus
1234 5240 1295 5297 hel
1324 5243 1372 5298 lib·
1388 5258 1418 5309 ¹¹
1439 5258 1500 5314 can
1517 5244 1544 5312 7
1567 5259 1627 5318 osc
1652 5247 1688 5305 ao
1708 5224 1776 5309 eote

194 5333 470 5474 iffiffl‘a'ge'uida‘xt‘it'
487 5340 574 5404 apost.
596 5328 668 5386 suh'
662 5327 722 5381 rnit
735 5323 816 5380 inira.
996 5313 1075 5451 iuge.
1085 5381 1175 5435 Strah.
1194 5380 1242 5436 lib
1257 5398 1274 5435 v
1277 5396 1358 5504 ,Μ
1376 5381 1439 5438 m

205 5475 352 5544 dil'rolog.
369 5475 415 5527 cit.
997 5451 1169 5576 Pomm
1184 5466 1299 5520 Wlffl-
1314 5450 1408 5522 stim-s
1423 5467 1485 5524 1³²8·
1505 5452 1566 5521 Ι59τ
1583 5452 1635 5512 ‘hb
1652 5453 1698 5514 hrt.
1710 5456 1777 5517 etlil-

195 5550 231 5680 (b)
248 5541 532 5667 i’lssiainladffiipoueer.
551 5607 679 5664 haurion..
698 5617 758 5675 pag.
773 5616 826 5657 ττττ
839 5610 896 5666 seq.
1034 5589 1066 5656 lit
1089 5587 1156 5643 lhid.
1176 5603 1236 5660 pag.
1259 5587 1320 5644 595.

197 5685 235 5752 (p)
248 5682 317 5736 hail.
329 5681 376 5738 Gr.
392 5693 459 5737 turn
477 5677 544 5744 llil,
564 5674 701 5747 pagihl.
914 5680 927 5711 -·
1035 5657 1206 5731 (m)zaeagn
1217 5658 1321 5729 praelat
1333 5659 1379 5715 cit.
1385 5674 1463 5733 ..pag
1474 5675 1548 5719 sarr.
