3817 6075
136 265 210 333 titt
650 269 881 332 FildGiiliii'id
912 272 952 332 ii
972 272 1003 331 S.
1024 272 1213 333 totu'Nrtt.
1707 278 1775 343 titt

126 349 222 445 boum
236 382 380 447 ἀπέθανεν,
395 382 453 436 ἀλλ’
476 380 612 451 ἐπέζησε,
630 383 676 435 καί
698 382 806 453 ίμεινεν
830 384 929 439 ἐσθίων
943 393 966 447 Α
980 384 1039 441 Nou
1059 386 1131 439 cnirn
1146 387 1218 442 illico
1230 396 1354 442 mortuus
1364 395 1417 453 est,
1430 387 1478 443 sed
1491 390 1653 459 superuixit,
1664 407 1775 447 reman-

126 461 188 526 ικαλ
203 473 300 537 πίνων,
318 473 363 526 καί
388 472 423 526 τὰ
438 471 541 542 συνήθη
566 471 705 543 πράττων,
721 474 790 546 ὅπερ
810 474 849 539 ὡς
863 477 929 531 ἀπο·
980 474 1070 542 sitque
1085 475 1232 530 comedens
1246 482 1274 530 et
1288 475 1404 541 bibettS,
1419 485 1446 531 et
1462 488 1591 533 consueta
1605 477 1719 547 iaciens,
1734 480 1774 536 tttl

126 556 289 642 Decipitur
301 570 315 622 ό
329 566 524 639 εθαγγελιστίης
538 562 610 623 elna.
980 564 1058 635 quasi
1074 563 1287 619 admirabundus
1300 565 1466 635 euangelista
1484 567 1596 624 iudicat.

126 649 134 688 ¹
177 659 293 728 «Λέγει
311 656 358 713 σύν
378 654 419 722 εἷς
434 661 466 714 ἐκ
481 659 537 713 τῶν
556 659 685 730 μαθητῶν
701 660 808 722 αὐτοῦ.
827 662 930 725 Ἰούδας
1015 649 1098 704 Vm·
1117 649 1144 707 ι·
1172 652 1275 706 ‘Diffi
1298 668 1366 723 0¹8⁰
1387 669 1459 709 ”⁰¹¹⁸
1477 669 1510 710 Η
1536 656 1675 727 “Delium
1696 657 1771 729 elus,

126 746 260 819 lSlpmsoe
275 747 464 818 Ἰσκαριώτης,
476 749 491 800 δ
502 747 607 817 μέλλων
617 748 698 802 αθτδν
711 749 903 821 παραδιδόναι·
917 768 926 803 ι
979 738 1062 794 ludas
1080 740 1233 809 iscariotes,
1248 741 1293 811 otti
1308 754 1367 796 crat
1381 758 1444 797 eum
1464 745 1627 802 traditurus.
1645 766 1657 800 ν

126 840 139 880 ν
173 840 353 911 Μέμφςταιδ
378 838 479 902 Ἰούδας
500 840 540 893 ὅτι
567 839 653 909 μύρου
674 841 861 912 προσήνεγκε,
881 842 929 895 mr
1017 828 1200 899 Reprehendis
1218 846 1277 884 eam
1297 830 1401 899 ludus,
1414 834 1486 903 quoti
1503 847 1673 907 unguentum
1689 841 1772 896 obtu-

127 930 191 986 ως
203 931 346 1003 ἀργύριον,
363 930 469 997 ἀγορῶν
484 930 515 983 τὸ
534 929 620 994 ὅντως
635 931 727 985 καλὸν,
744 934 791 985 Δεῖ
811 932 866 1004 γὰρ
879 932 929 1002 ,χο
979 919 1067 988 iisset,
1085 930 1112 975 et
1125 937 1179 976 nou
1195 922 1340 991 mentulam
1358 941 1365 977 ι
1382 925 1521 981 nesciebat
1535 927 1628 999 utique
1642 931 1708 1000 quid
1722 934 1770 988 de-

126 1021 179 1085 ιίς
206 1020 274 1074 Deis
299 1018 509 1090 δωροφορίανν,
536 1020 746 1092 προτιμωτὲραν
772 1016 844 1074 εἶναι
873 1020 927 1074 τῶν
980 1019 1066 1064 cerei.
1084 1008 1181 1064 liunus
1202 1012 1275 1064 euim
1293 1010 1367 1081 quoti
1393 1014 1446 1068 Deo
1472 1013 1597 1080 oliertur,
1623 1018 1771 1087 pretiosius

140 1111 267 1181 mppr,
979 1115 1039 1156 esse
1052 1100 1142 1167 debet,
1160 1116 1241 1173 qnam
1256 1104 1328 1173 quoti
1343 1105 1507 1172 pauperibus
1522 1117 1662 1177 erogatur.

128 1210 143 1257 r
177 1220 188 1254 ι
208 1196 274 1253 Eine
290 1200 318 1253 δὲ
332 1198 421 1258 τοῦτο.
437 1200 486 1270 ούχ
500 1200 541 1255 ὅτι
557 1201 620 1272 περί
636 1201 692 1256 τῶν
704 1201 821 1273 πτωχῶν
832 1202 929 1274 ἔμελεν
1016 1192 1100 1249 reus.
1121 1194 1148 1249 (ἶ.
1171 1213 1181 1248 t
1200 1195 1276 1258 ὓῑθίί
1293 1198 1462 1265 311181111θοοι
1479 1216 1532 1252 ⁰⁰¹¹
1549 1201 1612 1269 (1¹¹st
1629 1202 1662 1256 ‘¹0
1678 1204 1770 1272 ‘llinis

126 1291 231 1363 ιαθτῷ,
257 1292 315 1345 ἀλλ’
333 1292 373 1345 δτι
399 1291 519 1364 κλέπτης
541 1289 586 1364 ἦν,
610 1296 657 1349 καί
681 1294 713 1348 ab
735 1296 928 1366 γλωσσόκομον
979 1286 1132 1355 pertinebat
1156 1287 1190 1341 ad
1210 1302 1285 1352 νυνι,
1310 1289 1358 1343 sed
1379 1290 1444 1357 quia
1469 1289 1512 1344 lur
1533 1301 1604 1355 etat,
1624 1305 1650 1347 et
1666 1294 1769 1349 loculos

126 1376 209 1454 jpixg,
227 1399 236 1433 r
732 1404 739 1411 ·
980 1378 1096 1432 iubetis.
1119 1398 1128 1430 t

181 1473 320 1543 Ἢοείχετο
334 1472 363 1526 δὲ
381 1472 465 1526 αὐτοῦ
484 1473 498 1525 δ
516 1473 618 1544 Κύριος
634 1473 812 1540 ritmorum,
830 1475 873 1529 iou
890 1474 928 1546 μὴ
1013 1466 1081 1521 lium
1099 1467 1180 1523 etiam
1193 1468 1279 1524 iurent
1294 1471 1471 1526 exsistentem
1488 1470 1619 1529 Dominus
1634 1474 1768 1542 tolerarit,

126 1564 214 1638 ξρίπῃ,
231 1564 272 1617 ότι
285 1563 334 1616 Διὰ
348 1564 496 1634 χρημάτων
510 1562 610 1633 ἔρωτα,
624 1565 671 1617 καί
683 1564 785 1618 ἔνδειαν
797 1567 928 1635 ἑποιησά-
978 1574 1012 1614 ne
1032 1574 1062 1615 se
1075 1560 1229 1615 divirorum
1252 1563 1418 1633 eupiditate,
1439 1565 1481 1618 rel
1497 1580 1552 1634 prae
1573 1576 1693 1636 egestate
1705 1584 1769 1638 pro-

126 1670 196 1728 gpmr
212 1655 262 1729 rip
282 1655 438 1726 προδοσίαν.
462 1654 610 1725 Ἰερόσυλος
627 1650 687 1727 ipro
706 1655 824 1723 Ἰούδας,
838 1658 874 1709 τὰ
888 1655 927 1727 τῷ
978 1649 1108 1705 ditionem
1123 1650 1274 1707 adornasse
1289 1653 1401 1709 diceret.
1427 1651 1584 1726 Sacrilegus
1601 1658 1691 1728 itaque
1709 1669 1770 1715 erat

141 1745 200 1819 θεῷ
215 1746 412 1817 αναττθειμίνα
426 1748 555 1817 χρήματα
571 1746 705 1801 κλέπτων.
943 1729 964 1784 Β
980 1740 1074 1806 ludas,
1091 1744 1179 1812 utqui
1196 1760 1238 1797 res
1255 1742 1310 1798 Deo
1324 1744 1430 1800 oblatas
1445 1744 1599 1801 durabatur.

126 1873 139 1908 η
173 1832 292 1890 ιΕίπεν
314 1835 361 1889 obs
386 1836 401 1888 δ
431 1836 550 1907 Ἰησοῦς·
577 1837 664 1907 ’λφες
695 1837 792 1911 αὐτὴν,
815 1837 856 1901 εἰς
877 1836 926 1908 τὴν
1013 1833 1097 1890 Vsus.
1118 1837 1173 1890 i.r
1196 1834 1267 1890 otro
1285 1851 1350 1907 ergo
1364 1835 1575 1893 iesus:Siuite
1591 1840 1676 1907 illam,
1694 1851 1723 1896 ut
1741 1843 1767 1898 iu

126 1926 246 2004 ,ἡμέραν
259 1925 307 1981 τοῦ
324 1927 511 1997 ἐνταφιασμοῦ
527 1945 578 2000 μον
595 1929 748 2001 τετήρηκεν
765 1929 842 1985 αθτό.
860 1948 871 1983 r
977 1929 1049 1985 diem
1065 1930 1214 2001 sepulturae
1229 1945 1295 1985 tneae
1308 1942 1399 1988 seruet
1414 1931 1491 1986 iliud.
1512 1950 1522 1985 ι

126 2061 134 2095 ,
170 2020 248 2093 Πρός
265 2019 377 2092 ἔλεγχον
392 2019 439 2073 τοῦ
454 2020 618 2093 ἀναίσθητον
642 2021 728 2075 Ἰούδα
739 2016 864 2094 ἐμνήσθη
878 2021 926 2075 τοῦ
1013 2023 1054 2078 Διί
1080 2022 1246 2078 insensatum
1270 2023 1345 2079 iilum
1377 2021 1476 2078 ludam
1506 2022 1767 2094 reprehendendum,

128 2112 340 2190 ιδνταφιασμονί·
356 2114 406 2183 τῆς
416 2112 444 2165 δὲ
460 2114 590 2181 γυναικὸς
602 2114 866 2185 θπεραπολογιίται,
883 2115 926 2167 ἵνα
976 2116 1123 2185 sepulturae
1137 2115 1304 2171 mentionem
1330 2115 1417 2171 lecit:
1437 2117 1578 2171 mulierem
1593 2132 1658 2172 ueto
1675 2116 1769 2173 delan-

126 2203 175 2275 μ“η
207 2201 272 2276 δόξῃ
297 2206 434 2276 προτιμᾷν
457 2205 554 2259 ἑαυτὸν
579 2205 633 2259 τῶν
660 2206 789 2277 πτωχῶν.
821 2204 924 2271 struo,
975 2207 1084 2271 dit,ue
1106 2222 1136 2261 se
1151 2208 1319 2277 pauperibus
1333 2207 1464 2278 prolerre
1480 2209 1628 2266 rideretur.
1645 2206 1767 2277 Dimitte,

126 2291 243 2374 ζἈςσες,
267 2296 317 2366 τὴν
339 2295 385 2348 τού
409 2294 494 2350 Ἰούδα
514 2296 659 2368 ὑπόκρισιν
675 2296 798 2368 ἐλέγχει,
814 2297 850 2351 τὰ
863 2296 926 2361 dira
977 2298 1073 2368 inquit,
1089 2295 1166 2354 iudae
1180 2297 1380 2354 simulationem
1396 2299 1552 2371 increpans,
1570 2313 1601 2357 ut
1621 2303 1667 2372 qui
1686 2303 1767 2374 digna

126 2387 251 2443 δτταόνον
277 2388 463 2459 μεμφόμενον.
494 2388 604 2459 Ἐπειδὴ
620 2389 680 2459 iii
704 2387 752 2443 roi
772 2387 859 2460 μύρου
880 2388 925 2441 δα-
977 2386 1055 2443 iande
1077 2389 1268 2457 reprehendat.
1295 2387 1363 2444 Cum
1387 2404 1453 2446 reto
1475 2391 1605 2462 unguenti
1625 2392 1722 2449 illusio
1739 2403 1769 2450 et

126 2478 225 2549 πάνη,
241 2479 271 2533 ού
288 2479 332 2533 διδ
345 2478 450 2551 τρυφὴν
469 2479 591 2548 ἐγένετο,
609 2479 678 2534 ἀλλὰ
692 2480 736 2535 διὰ
755 2480 851 2551 χρείαν
872 2496 925 2545 μυ·
975 2495 1118 2551 expensae.
1141 2496 1195 2537 uon
1220 2481 1377 2537 deliciarum
1402 2496 1488 2538 causa
1506 2481 1576 2538 laeta
1595 2494 1705 2551 esseut,
1719 2485 1767 2540 sed

126 2570 247 2642 στεινὴν,
261 2569 434 2640 ἀπολογεῖται
449 2571 519 2642 ὑπὲρ
533 2571 585 2642 τῆς
601 2569 720 2641 Μαρίας,
733 2570 758 2623 εί
773 2570 925 2640 ecliptica
976 2582 1087 2644 propter
1106 2588 1185 2628 usuru
1208 2572 1348 2645 mysterii,
1372 2570 1486 2629 biaciam
1507 2585 1635 2641 excusat,
1658 2576 1767 2633 tatuetsi

126 2660 185 2718 τοῦ
201 2661 353 2733 μυστηρίου
372 2662 422 2731 την
436 2659 562 2733 δύναμιν,
582 2660 688 2732 καλιὴν
702 2660 867 2731 οἰκονομίαν.
885 2660 924 2713 Δι’
975 2664 1029 2719 rim
1046 2664 1185 2736 mysterii,
1206 2679 1238 2719 ae
1258 2663 1488 2735 dispensationem
1506 2666 1686 2734 ignorantem.
1713 2663 1767 2723 Se·

126 2743 173 2808 ῶν
196 2751 225 2805 δὲ
240 2748 316 2806 εἶπεν
335 2750 530 2823 ἐνταφιασμόν,
555 2749 732 2823 καταισχύνει
750 2752 796 2806 τθν
815 2750 922 2818 Ἰούδαν,
975 2754 1090 2825 pulturte
1106 2765 1198 2809 autem
1221 2756 1386 2810 mentionem
1403 2754 1526 2812 iaciendo
1539 2754 1634 2812 iudam
1651 2758 1767 2815 conlun-

126 2843 177 2898 ὅτι
205 2843 240 2897 δι’
267 2844 490 2915 αἰσχροκέρδειαν
514 2843 612 2914 ἔμελλε
644 2839 790 2915 προδοῦναι
818 2842 863 2898 τθν
885 2843 925 2897 δι·
975 2846 1031 2911 dit,
1047 2848 1118 2916 qumi
1142 2846 1273 2900 nimirum
1297 2847 1385 2918 turpis
1408 2845 1478 2903 lucri
1497 2852 1584 2919 gratia
1605 2850 1767 2920 magistrum

126 2934 282 2992 Βάακαλον.
975 2943 1048 2989 esset
1065 2935 1234 3004 proditurus.

171 3046 185 3082 r
210 3026 375 3083 'lileriensi
388 3026 453 3100 βαΐα
466 3027 521 3082 τῶν
536 3028 675 3098 φοινίκων,
694 3030 742 3084 καλ
755 3028 867 3102 ἐξῆλθον
884 3029 924 3093 είς
937 3068 960 3128 c
1015 3025 1094 3081 i'sos.
1119 3026 1163 3082 li.
1193 3027 1389 3098 «deceperunt
1422 3045 1516 3087 ramos
1543 3029 1713 3102 palmarum,
1738 3043 1766 3088 et

126 3119 290 3192 δπάντησιν
304 3119 390 3190 αὐτῷ,
405 3120 453 3173 καὶ
466 3119 596 3192 ἔκραζον*
618 3120 750 3176 Ἰλσαννό.
771 3139 781 3174 ι
977 3127 1167 3188 processerunt
1183 3118 1291 3174 obriaut
1307 3121 1342 3186 ci,
1360 3130 1388 3177 et
1403 3121 1556 3179 clamabant
1572 3141 1579 3178 :
1595 3122 1735 3180 ilosanoa.
1754 3143 1764 3177 ν

176 3211 224 3274 '⁰3
239 3210 448 3281 virtuositatis
468 3209 583 3265 Diouem
595 3211 754 3284 ὑπήντησαν
766 3211 841 3285 αὐτῷ
856 3212 925 3283 μετὰ
1008 3207 1045 3264 ttt
1058 3210 1153 3265 mortis
1169 3211 1265 3266 uictori
1288 3223 1483 3282 processerunt
1506 3214 1616 3269 obviarn
1639 3215 1677 3280 ei,
1703 3231 1767 3272 eum

126 3302 235 3377 βαόων.
255 3302 287 3356 'ii
303 3301 386 3356 Δαδιδ
401 3302 553 3374 προφητεία
576 3301 620 3356 διὰ
644 3302 740 3357 τούτου
762 3302 923 3376 πληροῦται.
978 3301 1237 3370 ramispalmarum.
1269 3302 1316 3359 Sic
1344 3304 1454 3360 Dauidis
1470 3305 1609 3376 propbetia
1629 3304 1765 3377 impietur.

126 3395 231 3467 ,Τόπος
253 3394 312 3448 leri
331 3393 378 3447 τοῦ
401 3395 485 3466 νόμον
499 3394 533 3448 τὰ
551 3394 627 3467 ἔθνη,
640 3394 687 3460 οθς
701 3396 716 3448 ό
731 3395 834 3467 Κύριος
846 3396 925 3459 θντας
977 3389 1067 3463 Typus
1081 3391 1148 3464 legis
1163 3401 1258 3462 gentes
1280 3409 1349 3465 utros
1371 3394 1503 3452 Dominus
1528 3411 1560 3452 ex
1589 3396 1757 3453 iulideiitatis

126 3486 312 3560 ,ἀκαθάρτους
325 3486 476 3558 πεποίηκεν
489 3486 673 3558 ὑποχειρίους.
691 3486 801 3560 [Caum]
977 3483 1146 3539 immunditia
1161 3484 1189 3538 in
1204 3485 1335 3541 ditionem
1352 3502 1428 3542 suam
1441 3486 1562 3543 adduxit.

126 3570 129 3581 “
170 3578 266 3642 Τθπος
285 3577 314 3631 δέ
336 3577 543 3642 ίατινδπῶλος
557 3578 612 3630 τῶν
631 3578 726 3644 ἐθνῶν,
742 3572 925 3649 ὧνόΚύριος
1011 3572 1105 3629 Pullus
1121 3585 1210 3630 autern
1226 3576 1310 3649 dgura
1325 3587 1367 3633 est
1379 3579 1512 3650 gentiunt,
1528 3579 1628 3650 quibus
1642 3579 1764 3636 insiDeus

126 3670 265 3734 καθίσας,
281 3669 379 3737 ἀνάγει
395 3671 435 3733 είς
447 3669 496 3741 τὴν
511 3669 568 3723 ἅνω
588 3669 777 3741 Ἰερουσαλὴμ,
791 3665 826 3744 ἧς
839 3670 926 3735 τύπος
978 3663 1122 3729 Dominus,
1146 3665 1257 3720 adducit
1281 3682 1328 3722 eas
1358 3671 1391 3722 ati
1430 3683 1577 3739 supernam
1599 3668 1766 3734 Jerusalem.

126 3760 300 3837 Ιτχὲπίγειος.
316 3761 408 3814 Πῶλον
422 3759 450 3814 δὲ
468 3760 567 3823 αὐτούς
584 3763 669 3825 καλεί,
686 3760 781 3832 ἐπειδὴ
799 3761 924 3832 θγύμνα-
976 3755 1053 3824 cuius
1069 3756 1126 3809 itaec
1149 3759 1286 3811 terrestris
1312 3766 1393 3828 typus
1415 3771 1486 3814 erat.
1513 3758 1619 3816 Pullum
1640 3777 1705 3819 uero
1720 3779 1767 3820 eas

126 3848 196 3927 [eaor
215 3848 286 3924 ἦσαν
301 3852 348 3923 τῆς
366 3851 426 3905 κατ’
442 3851 582 3906 sortiare-r
597 3852 726 3916 πίστεως.
976 3845 1152 3914 νοιτ1,ηνο(1
1174 3846 1208 3902 ad
1231 3848 1359 3916 pietatem
1383 3864 1417 3905 ac
1433 3850 1515 3907 iidem
1541 3852 1661 3908 nondum
1676 3863 1767 3910 esseut

126 3940 130 3953 '
969 3935 1128 3991 'iuiorutatse

126 4018 130 4047 ³
178 4049 190 4084 ι
206 4030 300 4084 Ταῦτα
314 4031 342 4085 θλ
357 4032 408 4087 uox
421 4031 541 4100 ἔγνωσαν
555 4034 580 4085 σί
597 4031 725 4103 μαθηταί.
742 4051 752 4084 ν
1015 4028 1096 4084 teus.
1112 4026 1156 4084 16.
1173 4046 1184 4080 t
1204 4028 1266 4084 ilaee
1280 4042 1333 4083 uon
1346 4039 1532 4099 cognorerunt
1545 4033 1680 4104 discipuli.
1700 4053 1712 4089 t

126 4106 131 4140 ¹
145 4098 157 4125 ³
174 4114 226 4169 dri
240 4114 319 4170 τοῦτο
332 4117 385 4190 γὰρ
397 4117 522 4189 ἠγνόουν,
537 4119 581 4171 ἴνα
598 4118 927 4190 praetermissionem
1011 4120 1115 4176 idcirco
1129 4121 1201 4176 enim
1216 4122 1390 4192 ignorabunt,
1402 4136 1437 4176 ne
1451 4123 1714 4193 scandalizarentur,
1730 4125 1765 4191 si,

126 4203 172 4279 ’γε
187 4204 314 4276 βασιλεὺς
332 4207 495 4263 ῶντοιαθτα
510 4208 601 4279 μέλλει
616 4209 742 4280 πάσχειν,
756 4211 858 4265 καθότι
873 4210 924 4264 οὐκ
977 4227 1024 4265 rex
1050 4227 1112 4267 cttrn
1128 4220 1218 4279 esset,
1236 4213 1299 4268 talla
1327 4227 1456 4284 passurus
1474 4223 1550 4278 erat,
1576 4225 1603 4271 et
1619 4218 1684 4287 quia
1711 4235 1765 4277 nou

126 4295 270 4372 ἠδύναντο
281 4299 364 4365 zoroe
373 4301 496 4373 χωρῆσαι
506 4300 557 4372 την
567 4300 668 4370 γνῶσιν
681 4300 731 4373 τῆς
742 4301 890 4372 βασιλείας.
977 4311 1102 4372 poterant
1117 4303 1153 4357 itu
1168 4304 1259 4359 statim
1272 4305 1348 4376 regni
1361 4305 1421 4376 ejus
1434 4307 1619 4378 coguitionem
1632 4324 1741 4379 capere.

126 4388 131 4393 '
175 4408 185 4441 ι
209 4388 238 4445 ‘0
249 4391 277 4445 il
298 4391 402 4464 Ἰησοῦς
418 4393 585 4463 ἀπεκρίνατο
600 4392 703 4459 αὐτοῖς,
717 4390 821 4463 λόγων·
845 4394 961 4466 'liii-p
1015 4391 1096 4451 iens.
1112 4394 1159 4449 23.
1181 4413 1191 4447 t
1210 4393 1289 4452 lesus
1311 4405 1402 4452 autem
1418 4400 1558 4465 respoudit
1579 4399 1635 4466 eis,
1652 4399 1764 4457 dicensr

133 4480 246 4551 λυθενη
263 4481 333 4552 ῶρα,
347 4482 391 4536 isa
400 4483 516 4554 δοξασθῇ
536 4486 549 4536 θ
564 4484 627 4548 Υἱὸς
641 4482 688 4537 τοῦ
703 4482 859 4556 ἀνθρώπου.
875 4503 886 4537 r
979 4485 1057 4542 Venit
1073 4487 1151 4552 itura,
1170 4496 1199 4542 ttl
1209 4488 1376 4544 clarificetur
1387 4488 1473 4544 Filius
1483 4489 1613 4546 bominis.
1634 4510 1644 4543 t

172 4573 229 4626 Kal
246 4574 283 4642 μη
300 4572 435 4645 χρώμενοι
454 4578 492 4646 τῲ
511 4577 602 4647 νόμῳ,
619 4576 754 4629 ἀνέπεσαν
768 4578 924 4649 προσκονη-
1004 4577 1132 4643 Quamuis
1144 4578 1230 4649 legent
1246 4596 1299 4635 non
1320 4579 1509 4647 observarent,
1529 4582 1555 4636 in
1581 4583 1667 4653 legem
1683 4592 1714 4638 ut
1737 4583 1764 4636 in

135 4681 233 4727 σοντες
255 4666 296 4726 τίς
319 4664 366 4718 τόν
389 4667 482 4736 νόμον,
503 4670 540 4732 ὡς
559 4671 599 4731 είς
624 4667 721 4720 σεπτδν
734 4668 817 4721 τόπον
834 4668 879 4722 rte
890 4670 925 4724 τὰ
977 4666 1064 4724 locunt
1081 4681 1204 4726 mustum
1214 4673 1385 4739 procidentes
1395 4674 1578 4728 adoraverunt
1590 4685 1703 4745 propter
1714 4676 1766 4729 nti·

133 4756 275 4827 γενόμενα
290 4755 418 4827 θαύματα
432 4760 496 4831 περί
518 4759 662 4814 Ἰουδαίων.
677 4758 790 4832 [Duum]
979 4760 1068 4815 rocula
1086 4762 1112 4815 in
1132 4759 1239 4817 ludaeos
1253 4761 1336 4818 laeta.

173 4847 259 4913 Δόξαν
274 4848 303 4903 δὲ
316 4849 395 4904 καλεῖ
407 4850 457 4922 τὴν
472 4852 632 4913 ἀνάστασιν,
651 4851 710 4922 μεθ’
727 4853 761 4920 ην
775 4854 790 4904 δ
803 4852 866 4916 Υἱδς
878 4853 924 4906 τοῦ
1015 4849 1136 4904 Gloriam
1151 4861 1242 4906 autern
1257 4864 1337 4908 uocat
1354 4853 1592 4917 resurrectionem,
1608 4864 1766 4927 postquam

136 4936 207 4990 Θεοῦ
229 4938 371 5012 ἐδοξάσθη.
389 4941 493 5015 Καιρδς
515 4937 592 5005 οὗτος
611 4940 657 4995 τοῦ
686 4943 838 5014 μεταθῆναι
861 4946 925 5009 τσθς
980 4938 1064 4996 Filius
1081 4941 1128 4996 Dei
1147 4942 1316 5011 glorificatus
1329 4953 1382 4996 est.
1402 4941 1519 5009 Tempus
1531 4943 1596 4997 iilud
1618 4955 1696 5010 eret,
1711 4962 1765 5017 guo

138 5028 264 5100 μαθητὰς
287 5032 335 5085 ἐπί
356 5033 390 5087 τὰ
405 5032 485 5103 turp,
510 5035 533 5086 τί
558 5036 604 5087 καί,
620 5034 690 5090 κατὰ
703 5034 752 5105 τὴν
767 5034 854 5108 ἀρχὴν
875 5037 926 5091 οὐκ
978 5029 1117 5099 discipulis
1132 5031 1164 5083 ad
1178 5039 1272 5099 gentes
1285 5031 1477 5086 transeundum
1498 5040 1575 5098 erat,
1591 5031 1653 5090 licet
1666 5037 1700 5093 ab
1715 5037 1766 5091 iui-

138 5119 273 5190 ἐποίησαν
289 5123 378 5189 τοῦτο,
391 5124 437 5178 ἵνα
452 5125 489 5196 μὴ
503 5124 734 5179 σκανδαλισθῶσην
752 5125 884 5181 Ἰουδαῖοι,
981 5123 1019 5176 110
1034 5123 1059 5174 iti
1073 5136 1126 5174 11011
1140 5121 1263 5187 becelini,
1281 5119 1410 5178 DDJtltiael
1424 5122 1685 5182 scandalizarentur.

179 5230 189 5262 ι
212 5211 308 5284 Ἀμην,
328 5217 402 5287 ἀμην
427 5214 499 5283 λέγω
512 5216 587 5286 ὑμῖν,
603 5216 651 5270 ἐὰν
674 5216 740 5287 μηδ
760 5218 859 5281 κόκκος
878 5220 927 5270 τού
1017 5212 1099 5268 Vsus.
1114 5214 1159 5269 il.
1178 5231 1187 5264 t
1207 5214 1304 5279 Arnen,
1320 5229 1400 5269 amen
1414 5214 1477 5294 dieo
1487 5215 1575 5281 rolris,
1588 5218 1639 5272 uisi
1650 5233 1766 5289 granum

140 5302 218 5356 σίτου
231 5306 322 5360 πεσὼν
332 5309 371 5371 είς
383 5306 433 5377 τὴν
443 5307 496 5376 γῆν
507 5306 642 5379 ἀποθάνῃ,
657 5307 736 5370 αὐτὸς
749 5307 828 5378 μόνος
841 5308 928 5380 μένει.
981 5304 1109 5361 frumeuti
1124 5306 1223 5361 cutem
1243 5307 1270 5362 iu
1282 5316 1394 5374 terrem,
1409 5316 1546 5364 mortuom
1564 5306 1663 5376 luerit,
1678 5310 1766 5380 iprttru

147 5394 213 5450 Ἐὰν
226 5394 253 5448 δὲ
266 5398 400 5471 ἀποθάνῃ,
421 5398 505 5451 πολὺν
520 5398 625 5467 καρπόν
637 5398 725 5471 φέρει.
749 5419 758 5453 ν
983 5397 1068 5453 solum
1092 5407 1199 5466 manet;
1215 5402 1238 5455 sl
1262 5410 1353 5455 autent
1372 5406 1510 5457 mortuum
1525 5397 1626 5469 iaedi,
1650 5399 1766 5458 mullum

984 5487 1099 5542 iructum
1114 5485 1200 5543 alieri.
1216 5506 1225 5540 t

181 5656 253 5711 illo.
269 5657 354 5726 τιμὴν
371 5661 417 5710 καλ
431 5659 604 5731 θωρσρσρίαν.
