3817 6075
156 265 225 332 titt
381 307 388 318 ·
649 260 875 323 bisuntino
896 265 943 324 DE
964 261 1087 326 ttiixttt
1108 265 1281 327 oiiitcttt.
1709 264 1775 330 tuti

154 379 199 431 riu
218 376 283 430 θεὸν
296 374 397 444 λέγειν,
422 373 438 445 ῆ
457 375 580 446 άνθητου,
597 374 654 446 (ὃ
680 379 718 449 μὴ
733 377 811 446 θέμις
839 376 939 433 ποιεῖν,
960 384 977 435 ,ν
993 376 1079 441 posita
1094 388 1167 439 suut,
1181 386 1226 426 aut
1244 375 1407 430 intlueeilluru
1424 377 1508 432 lleuur
1525 390 1605 438 esse,
1619 384 1665 429 aut
1677 375 1773 430 intelli·

154 472 241 524 είιτεῖν
255 468 321 539 (75).
345 466 424 521 ‘titt
440 467 493 537 μἠν
504 464 568 519 οὔτε
587 467 718 531 ἀδύνατος
733 508 741 530 ,
755 465 816 519 οὔτε
832 464 944 534 ἀνόητος
993 466 1083 534 gentis
1102 482 1231 531 rar-nuru,
1247 477 1293 522 arnt
1310 469 1380 536 qrirrrl
1398 469 1470 522 tlirtu
1489 478 1531 524 est
1554 461 1650 530 aclas,
1668 475 1774 519 ntrum·

153 561 266 624 ὀΘεός·
286 561 353 630 πρὸς
371 559 401 613 δέ
420 560 467 613 καλ
491 558 604 625 ίιγαθθς.
622 560 777 632 ’Δφθαρτος
800 558 855 629 άρα
869 559 882 610 i
898 555 944 609 κά·
993 570 1055 625 que
1086 557 1154 612 Cum
1173 568 1237 627 ergo
1255 559 1327 614 lictis
1344 573 1433 629 nerprrc
1453 559 1595 631 potcstatis
1612 557 1648 614 sit
1668 570 1775 624 expers,

154 670 233 724 σμος.
251 653 281 705 Εἰ
296 651 325 704 δέ
341 650 500 721 ἄφθαρτος,
517 650 650 720 ἀγένητος
664 649 736 705 κατά
757 650 853 720 χρδνον
875 645 942 718 (7θ).
994 660 1081 714 neque
1094 647 1270 714 intelligentia
1286 655 1383 709 vacet,
1404 656 1533 715 praeterea
1551 663 1612 701 rttru
1629 647 1715 702 bonus
1729 646 1776 711 sit,

143 745 259 815 ⁴’Aiolou
281 744 336 814 γάρ
362 742 438 805 θντος
453 741 501 794 τοῦ
519 741 722 814 δημιουργικοῦ
734 742 843 802 αίτίου,
860 737 945 794 ἀΐδιον
994 752 1047 792 non
1065 747 1108 793 est
1119 738 1253 793 nltnrtxius
1270 739 1392 793 interitui
1410 740 1535 792 muudus.
1547 735 1624 806 erod
1641 739 1664 793 si
1679 752 1777 807 expers

153 837 224 890 κατά
250 836 346 906 χρόνον
364 833 395 887 ri
417 833 627 905 δημιούργημα.
642 832 681 899 ὡς
696 835 809 907 partui
836 828 946 902 liupal-
993 839 1035 883 est
1054 829 1201 892 interitus,
1219 839 1340 900 tempore
1365 831 1447 884 etiam
1466 829 1520 885 erit
1545 830 1690 900 ingenitus.
1708 829 1777 884 Corn

153 944 211 998 ρνος
226 928 293 998 (Π),
306 927 385 997 μιν(
403 925 520 995 sepum
531 926 670 994 patrem,
992 917 1064 971 eninr
1080 928 1181 972 aeterna
1206 920 1241 973 sit
1264 934 1347 973 retrusa
1371 917 1511 984 ellit-iens,
1530 919 1635 974 ratione
1648 918 1777 989 tcmpmris

992 1010 1159 1079 serupiterna
1183 1010 1236 1065 erit
1257 1009 1386 1074 edertio,
1407 1010 1635 1080 queruadmodurn
1661 1011 1778 1068 asseruit

990 1097 1167 1172 Porphyrius,
1183 1109 1212 1154 ct
1226 1101 1325 1155 raritas
1337 1102 1393 1172 ipsa
1417 1103 1546 1158 ostendit.

186 1192 300 1246 xiiii.
322 1192 423 1244 Ἄκουε
437 1186 495 1253 οὖν,
512 1184 547 1262 ἦν
562 1191 586 1245 δ’
600 1190 667 1260 tro.
685 1190 777 1245 Ταῦτα
793 1192 847 1263 γάρ
864 1190 939 1263 θαμά
1025 1193 1305 1260 ClllllST.llrrscttlta,
1319 1196 1550 1253 obsecro.lstltaec
1561 1197 1634 1253 enim
1646 1195 1775 1268 frequen·

150 1288 206 1345 τοῖς
221 1282 395 1353 άμελετήτως
416 1281 508 1353 έχουσι
532 1282 588 1354 (78)
605 1283 777 1354 Χριστιανῶν
796 1284 861 1353 περὶ
876 1286 939 1347 τοὺς
990 1293 1031 1338 ιον
1047 1283 1212 1341 Christianis
1226 1287 1365 1356 imparatis
1376 1287 1409 1342 ad
1426 1287 1453 1342 id
1467 1298 1496 1341 ut
1509 1303 1579 1343 uerae
1592 1297 1620 1344 et
1635 1288 1720 1342 uuicae
1733 1303 1776 1341 rc·

149 1374 202 1443 τῆς
222 1371 339 1445 ἀληθοῦς
356 1373 403 1426 καί
421 1373 506 1443 μόνης
531 1372 622 1427 αὐτῶν
642 1373 784 1438 εὐποιίας
807 1374 863 1445 (iti)
890 1376 938 1429 irai
988 1376 1164 1446 ligiouissuae
1181 1379 1314 1434 rationem
1331 1381 1455 1445 reddant,
1482 1380 1654 1451 objicientes,
1671 1380 1776 1451 simpli·

185 1528 242 1597 (iri)
263 1527 325 1592 Ant,
349 1526 420 1596 qrtod
435 1526 507 1581 dictu
533 1536 574 1582 est
595 1526 636 1581 las
658 1534 812 1594 utrumque.
832 1515 954 1583 careas
990 1545 1059 1593 nui,
1077 1529 1123 1584 tiu.
1141 1528 1179 1583 tte
1193 1533 1294 1596 anima,
1312 1546 1337 1587 c.
1354 1532 1382 1594 3,
1394 1532 1507 1602 aliisque
1521 1533 1632 1587 nomine
1651 1532 1685 1586 alr
1705 1532 1777 1600 Apo·

149 1595 259 1665 Legisse
272 1597 377 1652 viderur
387 1598 522 1665 interpres
537 1614 544 1650 ι
558 1596 573 1649 θ
590 1596 628 1665 μὴ
647 1595 729 1667 θέμις
745 1597 833 1650 είπεῖν
845 1598 937 1665 duod·
989 1600 1058 1651 stoln
1071 1614 1165 1653 nrrraes
1179 1599 1297 1655 hareses
1310 1602 1431 1656 damnari
1444 1604 1558 1656 alllrmat
1570 1602 1615 1656 lrlr.
1635 1618 1649 1655 ν
1664 1604 1692 1656 ιἰι
1704 1600 1777 1655 llar-

149 1683 239 1736 τερον.
255 1665 306 1721 atii
324 1665 471 1730 corrjiclunt
489 1665 630 1736 legendum
645 1685 653 1721 a
667 1665 716 1736 dp
747 1665 825 1735 θέμις
838 1668 936 1732 εἰπεῖν,
953 1694 974 1748 13
989 1669 1101 1728 riouenr,
1128 1684 1188 1737 cap.
1215 1670 1259 1728 itt.
1284 1685 1337 1740 ιμιυ
1364 1670 1422 1725 loco
1443 1669 1633 1740 τιθανολογίαν
1654 1673 1775 1741 Apostoli

148 1738 246 1800 ποιεῖν,
264 1736 314 1798 erl,
330 1736 399 1805 quod
423 1734 496 1788 dictu
519 1734 593 1805 usfar
607 1736 643 1789 rii
653 1751 713 1789 suut
734 1750 819 1790 arere.
833 1734 937 1792 llonta·
992 1738 1024 1788 arl
1039 1738 1143 1792 Co'oss.
1159 1754 1188 1803 u,
1204 1739 1221 1793 5
1238 1739 1490 1806 τιινιῖίῖίοριιοιιιῖοιιι
1505 1742 1708 1809 iuterpretatur,
1723 1754 1776 1809 qiua

148 1808 279 1929 tilii
299 1804 586 1944 lidl‘l'll‘lllli
608 1804 864 1945 tilitlililt
878 1808 937 1930 il·
989 1808 1230 1932 {illidit-ll·
1248 1809 1635 1933 ll'diulni'9¹2⁸·⁰‘2l⁰il''¹
1654 1810 1777 1949 iiiiii

123 1917 131 1936 ,
271 1891 398 1939 ις·
697 1913 705 1938 ,
854 1891 935 1941 ·ι,
1068 1911 1074 1929 .
1177 1896 1278 1932 ιι..
1399 1895 1637 1934 srurumm
1767 1896 1775 1933 ι

146 1946 217 2013 quad
230 1946 302 1999 dictu
324 1945 398 2012 ariae
415 1954 462 2006 ert,
479 1946 590 1997 maturi.
603 1942 680 2010 erod
696 1944 823 1997 atnrirnru
837 1959 936 2012 scurra·
989 1945 1078 1999 lncrrur
1091 1962 1187 2002 omines
1204 1947 1423 2003 ratiocinationes
1444 1949 1603 2004 eorumdem
1624 1947 1697 2003 cirea
1720 1947 1778 2004 ele·

149 2026 212 2067 tur:
229 2011 298 2066 titt
313 2015 366 2082 μὴν
389 2012 451 2066 οὔτε
466 2012 605 2077 ἀδύνατος,
622 2011 684 2066 οὔτε
698 2013 812 2082 άνθητος
827 2015 842 2067 θ
857 2014 933 2080 Θεὸς,
990 2025 1091 2083 rrrcuta,
1107 2031 1208 2082 artures,
1219 2032 1356 2082 nutrieras,
1370 2027 1434 2082 etc..
1450 2019 1584 2074 cavendas
1597 2029 1699 2083 monet,
1712 2031 1775 2073 cum

146 2083 215 2153 τερος
235 2083 264 2137 δὲ
287 2084 334 2136 καί
349 2082 449 2150 άγαθθς
462 2097 470 2112 ·
485 2091 514 2136 ut
534 2094 685 2150 opponatur
708 2082 811 2151 άγαθθς
833 2083 872 2152 τῷ
886 2103 935 2138 τιο-
989 2086 1180 2141 verisirnililuis
1192 2087 1272 2142 relius
1283 2097 1310 2141 et
1321 2087 1513 2143 commentitiis
1528 2089 1619 2144 causis
1638 2095 1775 2154 constent,

146 2169 162 2206 ν
184 2153 233 2222 ρῷ.
250 2154 281 2208 Et
298 2154 377 2220 paulo
399 2162 462 2206 ante
485 2152 553 2207 dixit
568 2151 609 2223 :d
632 2153 730 2224 άγυοίρ
750 2151 799 2205 τοῦ
820 2155 933 2228 καλοῦ(
988 2170 1076 2225 acquic
1088 2157 1204 2210 euarlant
1222 2155 1311 2217 lacile.
1327 2157 1373 2226 qui
1394 2157 1477 2212 semd
1497 2157 1641 2214 inciderint
1657 2158 1775 2213 inanita-

147 2171 237 2293 φθόνῳ
256 2223 293 2293 μὴ
307 2221 439 2275 ἀνέκαθεν
454 2222 671 2293 δημιουργήσας.
691 2224 756 2279 lloc.
989 2234 1045 2278 tarn
1061 2225 1174 2280 istarum
1189 2239 1289 2280 casses.
1303 2224 1333 2283 B.
1354 2225 1535 2297 Hieronymus
1550 2227 1576 2281 ia
1592 2230 1717 2283 eumdem
1731 2225 1774 2280 lo·

183 2292 240 2364 (ῖθ)
259 2294 322 2345 lide
336 2291 506 2346 Clraleirliunr
520 2293 594 2347 dieto
608 2292 677 2348 loeo.
694 2294 861 2363 Argumenta
886 2312 933 2365 pa·
987 2307 1048 2347 cum
1066 2308 1164 2350 serrsns
1173 2303 1201 2350 et
1214 2295 1349 2351 sermonis
1366 2295 1540 2367 philosophie
1554 2296 1696 2352 acritatem
1708 2310 1775 2351 coo·

146 2360 215 2416 riter
235 2365 269 2417 alr
295 2361 382 2416 AEnea
412 2361 509 2417 Gaaaeo
535 2361 722 2426 conlutantur,
752 2368 824 2435 apud
852 2381 932 2435 quem
986 2362 1088 2417 uellere
1112 2362 1266 2419 laborantes
1291 2377 1344 2418 nou
1367 2364 1454 2420 solum
1483 2381 1535 2421 nou
1563 2365 1708 2430 timendos,
1726 2365 1774 2420 scd

145 2431 279 2487 Asiaticus
294 2431 419 2486 concedit
436 2432 565 2486 mundum
578 2431 786 2500 pulcherrimam
798 2449 861 2492 esse
876 2449 933 2489 ma·
987 2430 1069 2487 etiam
1087 2431 1209 2487 stultitiae
1224 2433 1391 2500 deputaurlos
1421 2435 1553 2503 precipit.
1584 2433 1617 2488 lit
1646 2433 1673 2488 ln
1700 2433 1775 2503 psal·

145 2501 276 2569 ctrinam3
291 2503 338 2554 sed
353 2501 382 2554 iu
399 2500 427 2554 id
440 2503 576 2555 corrditam
588 2500 670 2555 interr
684 2511 714 2555 ut
726 2501 931 2570 dissolveretur,
986 2515 1061 2555 mum
1080 2515 1133 2556 aar
1155 2515 1203 2557 eos
1228 2501 1401 2573 deceptiones
1433 2519 1497 2560 suas
1521 2517 1554 2559 es
1582 2502 1691 2574 propria
1714 2511 1774 2559 arte

146 2572 218 2636 arrad
231 2586 264 2626 cx
279 2569 401 2639 partibus
424 2571 522 2638 pruinas
540 2569 656 2626 dirersis
683 2581 789 2627 coastat
811 2573 933 2630 auimad·
987 2570 1110 2626 latuisse
1130 2580 1262 2632 atttumtt.
1281 2572 1435 2629 seluctrice
1451 2587 1547 2642 rrerrrpe
1566 2589 1614 2641 per
1629 2573 1772 2626 veriorum

147 2650 283 2698 rer-tatur:
299 2640 501 2694 dissolvendam
517 2654 583 2694 rero
599 2649 628 2693 οι
646 2638 741 2695 metior
760 2643 932 2711 restituatur,
985 2640 1082 2762 plicat.
1107 2640 1202 2709 quates
1227 2650 1290 2697 sunt
1304 2640 1357 2696 ille
1371 2657 1440 2709 uuas
1465 2641 1501 2696 tiu
1517 2653 1648 2696 merriorat
1668 2642 1772 2696 dictam

146 2710 447 2769 noniualiolitioucmr
472 2725 523 2764 nee
547 2708 688 2764 idinridia
709 2709 885 2777 Bullatium,
903 2724 933 2768 nt
1008 2711 1085 2763 saitae
1100 2707 1298 2779 depellaris
1320 2711 1397 2765 Ιιοιιιο
1421 2711 1589 2774 ιιισιιάοα,ῖιι
1614 2724 1691 2765 suam
1727 2724 1772 2763 ro·

144 2778 314 2833 dissolutrilis
328 2787 411 2840 esset,
425 2779 472 2833 sed
492 2778 556 2848 qnia
576 2778 609 2833 ad
625 2777 818 2834 ostendendam
836 2793 932 2847 poten·
985 2780 1071 2847 priam
1088 2778 1263 2848 ignominiam
1280 2779 1447 2844 intricantes,
1457 2796 1509 2834 riou
1522 2787 1681 2835 evertentes.
1694 2724 1772 2845 &aad

146 2849 211 2901 tiam
230 2850 360 2914 irtacuerit
376 2849 400 2901 ci
419 2850 542 2901 mortalia
570 2857 599 2901 et
622 2847 785 2905 ituruortalia
802 2853 930 2914 courtere,
985 2849 1019 2901 de
1045 2848 1134 2916 inopia
1156 2847 1200 2902 illa
1227 2847 1425 2918 toltilorpuentiu
1446 2857 1475 2903 et
1495 2848 1609 2903 rationis
1627 2850 1773 2903 irretitrice

145 2933 181 2972 ne
196 2920 274 2971 utrius
290 2928 380 2972 essunt
393 2919 500 2986 perieris
517 2917 618 2970 orrruia.
633 2916 743 2969 Τελείου
763 2921 829 2990 γάρ.
845 2921 932 2990 inspuit
985 2918 1156 2987 rapiendum,
1170 2917 1226 2972 sula
1242 2926 1332 2972 tarneu
1349 2935 1357 2973 τ
1372 2933 1433 2972 narn
1451 2931 1522 2971 verae
1534 2917 1710 2986 plrilosoplriaa
1722 2920 1773 2970 uri-

145 3002 235 3056 porru,
255 2987 335 3056 λόγου
366 2997 414 3041 και
445 2983 613 3057 δημιουργοῦ
641 2985 679 3058 μὴ
706 2987 787 3111 μόνον
815 2988 932 3061 διάφορα
986 2986 1305 3057 uiutccouteruptritest
1325 2988 1470 3058 scriptura,
1491 2995 1585 3057 utpote
1602 3001 1682 3056 quatur
1698 2985 1772 3042 lrlern

145 3061 244 3121 ποιεῖν,
262 3058 329 3111 ἀλλὰ
349 3058 396 3110 καί
411 3055 537 3127 ἀλλήλοις
554 3057 674 3120 isauria,
691 3072 747 3111 οον
773 3057 869 3113 λευκθν
885 3044 967 3114 ratC
984 3064 1068 3109 tutam
1083 3057 1110 3111 iu
1121 3054 1188 3111 lsaia
1204 3056 1334 3127 propheta
1345 3056 1478 3112 euritineri
1491 3054 1628 3112 Prooeruio
1645 3056 1671 3110 in
1685 3055 1772 3125 lpsutu

170 3128 241 3192 ‘iau
260 3131 307 3180 καῖ
323 3127 423 3196 θερμὸν
446 3127 493 3179 καί
516 3125 630 3196 ψυχράν,
657 3126 704 3179 καί
728 3126 852 3182 ἀθάνατα
884 3129 934 3183 καῖ
985 3134 1117 3192 toletan
1134 3141 1215 3195 quarn
1231 3125 1318 3195 ipsunt
1334 3140 1395 3181 esse
1405 3125 1641 3183 Christianismum
1660 3141 1773 3182 assere·

145 3144 284 3265 girum
309 3197 343 3250 δι’
366 3200 417 3249 ias
438 3194 519 3264 θολὴν
534 3196 674 3266 δυνάμεως
696 3195 818 3252 άθάνοτιι
849 3214 934 3268 μετα·
984 3190 1065 3247 ratll.
1074 3194 1242 3266 Atreustiaus
1254 3195 1354 3249 Contra
1366 3197 1536 3251 acadenrlres
1548 3195 1665 3252 aureolis
1676 3194 1773 3252 tibettts

144 3274 330 3336 ποιησομοιο.
347 3295 384 3305 -
433 3266 615 3337 ατθιχρδνον·
639 3266 731 3334 qtroad
762 3278 878 3337 tempus.
901 3269 934 3323 Et
983 3272 1012 3317 et
1026 3264 1137 3333 epistola
1157 3262 1240 3321 idad
1254 3262 1412 3319 llioscorum
1430 3266 1464 3320 de
1481 3266 1598 3322 curiosis
1614 3264 1773 3337 questioni-

146 3338 206 3390 luec
218 3337 431 3401 cstrtrrstotrlis,
449 3346 478 3388 nt
502 3352 535 3389 ex
556 3334 697 3390 Clialcidio
710 3345 817 3391 rorrstnt
839 3337 933 3405 opinio
984 3331 1047 3388 bus.
1067 3332 1171 3405 Estque
1189 3333 1345 3390 rerisiruilis
1367 3333 1524 3402 coniectura
1544 3332 1665 3406 ejtrsdem
1682 3336 1772 3403 aaut

145 3423 199 3460 nou
210 3412 320 3460 ‹nurrino
336 3404 528 3474 aspernabilis,
539 3421 619 3472 quatu
636 3405 731 3459 irridet
744 3405 847 3461 AEueas
861 3408 931 3461 idem
985 3402 1046 3458 tturi
1069 3400 1106 3459 Dc
1120 3419 1183 3458 uera
1198 3404 1338 3472 religione,
1356 3403 1415 3460 illos
1428 3414 1535 3461 ueteres
1550 3402 1771 3477 pnitoraptromn

144 3490 178 3529 ex
211 3476 291 3529 urrici
332 3476 505 3529 irritulissirrri-
525 3473 677 3541 truilosoplri
703 3478 860 3530 seruientia:
881 3475 933 3529 Τὸν
984 3473 1112 3539 duccs‚si
1128 3473 1280 3528 tilrristiana
1304 3472 1771 3537 taceurranitesutareviviscerent.

144 3546 175 3598 δὲ
195 3545 369 3615 Ἀριστοτέλη
386 3547 434 3597 καί
457 3543 562 3611 γελοῖον
579 3543 723 3604 ἀποκαλεῖ,
748 3544 934 3614 ὁμολογοῦντα
985 3540 1055 3595 ultro
1070 3541 1232 3597 cirrtsriaats
1244 3556 1414 3609 accessuros,
1428 3545 1608 3599 vociterantes
1624 3542 1696 3598 itanu
1711 3558 1771 3598 eaut

146 3614 267 3683 μίντάόε
284 3615 315 3669 τὸ
332 3610 579 3685 recuperaretur
601 3614 650 3666 itai
673 3613 759 3668 άτιτδν
774 3616 822 3668 καί
837 3632 932 3685 surpe-
984 3625 1044 3665 esse
1063 3612 1224 3676 doctrinam,
1238 3626 1319 3680 quant
1341 3614 1392 3681 ipsi
1410 3612 1507 3695 populo
1533 3613 1696 3682 persuadere
1718 3628 1772 3668 nou

144 3684 401 3754 τοειδές,άγέυητον
428 3684 457 3737 δὲ
485 3685 532 3737 καί
558 3682 696 3753 άφθαρτον
720 3679 790 3736 εἶναι
813 3682 932 3751 piliensi-
985 3680 1084 3736 iruerint
1098 3682 1168 3736 ausi.
1180 3681 1257 3747 Quod
1269 3682 1303 3736 de
1315 3680 1461 3738 Platorucis
1473 3682 1516 3737 tris
1527 3682 1626 3737 trostris
1639 3681 1773 3752 praecipue

145 3754 256 3807 κυῖιντα.
269 3754 424 3809 Aristotelis
439 3769 530 3808 serino
540 3764 581 3808 est
594 3752 685 3806 libret
703 3749 824 3815 Deculo,
839 3752 933 3807 adino-
984 3747 1097 3811 dicturn,
1118 3764 1185 3818 uiros
1198 3750 1351 3819 plerosque,
1376 3751 1468 3821 paucis
1484 3751 1575 3806 veritis
1589 3759 1615 3806 et
1630 3753 1774 3807 sententiis

145 3826 210 3877 darn
237 3826 372 3885 intricate,
401 3826 427 3878 iu
457 3825 639 3878 harre-tamen
661 3835 770 3875 serrsum
798 3825 933 3892 cornposl·
983 3819 1105 3882 ινιιίιινιν,
1127 3822 1220 3873 eodem
1245 3834 1295 3875 suo
1324 3828 1445 3890 tempore
1476 3819 1649 3876 Christianos
1675 3821 1773 3889 cupide

148 3903 202 3946 tus.
219 3892 268 3947 Bu.
983 3884 1072 3941 laetos
1083 3886 1182 3943 itidem
1199 3889 1269 3943 idem
1282 3898 1409 3953 testatore
1423 3904 1537 3959 qaorum
1553 3899 1642 3943 taurea
1659 3904 1773 3944 rrtrrncro

183 3961 428 4032 (77)(ῖορμύριος.
454 3962 482 4015 Ιιι
507 3960 775 4029 lilrroutiquequem
791 3957 932 4014 Καθ’θλον
984 3956 1012 4009 in
1029 3957 1077 4009 tiu.
1106 3954 1185 4022 aas
1209 3956 1375 4012 licetvitare
1398 3959 1449 4013 tiri
1470 3958 1566 4012 rsiirrit
1592 3957 1772 4028 l’orplryriuur

150 4030 305 4100 iriscrrpuit,
318 4043 346 4084 ct
370 4043 470 4086 citatur
483 4031 517 4083 alr
530 4029 618 4083 AErrea
632 4029 730 4083 Gaaaeu
746 4030 773 4081 in
789 4032 883 4083 eadem
896 4029 932 4084 de
984 4034 1067 4093 atque
1089 4025 1158 4081 alios
1172 4026 1293 4096 ejusdem
1312 4028 1475 4098 arrogantie
1487 4036 1647 4081 sectatores.
1664 4024 1717 4082 Sed
1736 4030 1771 4083 de

153 4102 244 4149 ruarnn
267 4104 415 4155 aeternitate
433 4101 557 4153 riunena.
574 4098 654 4152 ltalia
678 4101 729 4152 true
746 4099 882 4167 pertinent
904 4100 931 4154 ia
983 4094 1057 4149 reris
1074 4095 1141 4149 liare.
1155 4094 1275 4151 Caeteros
1302 4097 1363 4153 illos
1388 4096 1539 4168 litigatores
1563 4106 1671 4151 nostros
1701 4096 1771 4151 idem

152 4164 252 4221 Stoliri
266 4167 383 4241 l'lrysreis
398 4183 425 4225 ct
440 4169 538 4223 Plotini
555 4169 637 4221 uariis
653 4166 730 4222 libris
744 4170 866 4239 legenda.
881 4167 930 4224 Bu.
984 4164 1047 4219 aliisi
1066 4180 1119 4220 non
1133 4166 1216 4221 sernel
1233 4164 1382 4235 perduelles
1398 4164 1507 4237 tilrrispi·
1522 4177 1551 4221 et
1571 4164 1773 4221 idololatrarum

185 4236 242 4305 (78)
264 4239 460 4311 Ἁμελοτιξτως
476 4240 593 4307 έχουσι.
611 4234 670 4292 Nou
688 4237 881 4305 premeditatis
897 4239 931 4292 ad
983 4234 1119 4304 principes
1129 4245 1276 4304 uurreupat.
1294 4235 1330 4289 [le
1348 4238 1408 4291 istis
1423 4236 1536 4306 pululare
1554 4234 1695 4298 Eusebius.
1711 4251 1774 4289 ora·

148 4307 287 4372 errationes
305 4322 332 4364 et
355 4310 482 4378 stroplras
496 4307 778 4363 eorrdrniaucatarurn
801 4321 854 4429 ευ(

146 4384 385 4434 earumcarendas
400 4392 607 4447 arrruroqnenon
623 4378 815 4432 iruntitteudas.
855 4391 882 4432 t.
952 4355 1096 4443 ”ruptor
1118 4374 1232 4429 πιθανὸν
1255 4374 1310 4428 τῶν
1342 4377 1372 4428 ὲν
1389 4378 1447 4439 τοῖς
1473 4374 1607 4444 διαλόγοις
1622 4374 1772 4446 γινομένων
1819 4379 1826 4389 ’

183 4446 239 4516 titii
267 4449 407 4515 Ἁέηθοῡς
421 4450 469 4503 καὶ
488 4450 585 4517 μόνης
600 4447 765 4512 οὐσεόείας.
787 4446 863 4502 terro
879 4447 935 4517 pie·
988 4442 1091 4513 άιτάγει
1112 4444 1143 4499 sd
1168 4444 1386 4517 antescripto
1408 4444 1463 4499 aad
1478 4446 1528 4516 τῆς
1543 4445 1596 4499 τῶν
1612 4444 1697 4499 άντων
1712 4446 1774 4515 αλη·

148 4529 211 4567 tatrs
225 4528 252 4570 rt
265 4535 325 4583 urias
337 4520 408 4585 apud
419 4535 467 4571 cos
479 4520 565 4571 solrrru
582 4520 734 4581 irruentium
755 4515 797 4569 uel
817 4518 860 4570 etti
882 4518 934 4571 soli
988 4513 1072 4580 θείας,
1087 4513 1144 4586 ὃδὴ
1160 4515 1207 4569 κεῖ
1223 4514 1329 4578 πολλοῖς
1351 4515 1405 4569 τῶν
1425 4515 1577 4584 φιλοσόφων
1589 4515 1772 4586 ουμθὲθηκεν,

147 4586 195 4645 illa,
214 4585 431 4656 incircumspecti
443 4601 604 4640 caeterorum
616 4589 734 4640 student.
750 4584 819 4639 Dicit
830 4587 933 4639 altster·
986 4582 1161 4664 άξολεσχοῦσι
1180 4585 1246 4655 περ)
1260 4587 1322 4648 τοὺς
1345 4585 1439 4654 λόγου,-
1456 4587 1504 4639 καλ
1520 4588 1571 4655 τὴν
1588 4586 1639 4655 τῆς
1665 4585 1773 4653 φύσεως

148 4670 201 4706 ιον-ι
216 4653 385 4709 Christianos
400 4671 433 4710 ue
447 4658 632 4710 contradicant
658 4655 700 4707 luis
720 4655 792 4706 larva
809 4655 933 4722 lilasplre·
985 4668 1041 4705 των
1054 4652 1141 4707 άντων
1152 4652 1292 4719 tetrarum
1309 4656 1404 4717 ὁσάκις
1416 4657 1470 4724 γάρ
1492 4654 1526 4707 ἂν
1544 4655 1573 4707 ri
1593 4654 1705 4723 μέγεθος
1718 4654 1772 4705 τῶν

147 4726 263 4775 ιιιίιιιιιιιι
280 4730 396 4793 abierut.
415 4727 443 4779 Si
466 4729 538 4778 eninr
561 4736 653 4776 corrtra
678 4722 863 4790 loquerentur,
878 4725 933 4790 opi·
986 4722 1158 4804 πραγμάτων
1170 4722 1219 4790 τῆς
1234 4723 1383 4788 ἐξετάσεως
1404 4721 1494 4774 αὐτῶν
1516 4724 1699 4792 ἐπικρατήσῃ,
1712 4721 1772 4773 δια·

148 4793 282 4846 trabuntur
297 4798 433 4864 sirrrplrees
446 4794 499 4848 Deo
509 4794 678 4862 superiorum
690 4808 720 4845 se
734 4791 930 4845 absurditatum
986 4790 1144 4874 φοροιςτισλ
1156 4790 1279 4909 μεθθδοις
1296 4789 1326 4841 τδ
1338 4790 1438 4856 ἀληθὲς
1449 4789 1687 4858 ἀποκρύπτονται·
1702 4805 1772 4859 aop-

147 4862 264 4929 aquuant
280 4879 439 4933 impingere.
455 4862 517 4916 llurc
529 4864 740 4915 terriculamenta
754 4861 819 4914 dreit
832 4861 933 4912 auiutn-
985 4860 1073 4910 θαινει
1087 4855 1120 4927 δὴ
1137 4873 1154 4910 α
1172 4859 1228 4919 τοῖς
1244 4857 1354 4910 ἐναντία
1365 4858 1488 4921 δοξάζειν
1502 4861 1550 4910 καλ
1567 4859 1700 4927 μάχεσθαι
1716 4863 1771 4920 τοῖς

148 4943 207 4983 rurn
217 4936 268 4985 soti
279 4933 450 5001 sirnplrelnne
461 4933 567 4987 ueritati
577 4933 740 4993 deditorum,
751 4929 847 4997 ipolitus
858 4927 934 4981 Glari·
984 4925 1242 4996 άλληλιονδάγμασι,
1257 4925 1403 4979 καὶταῦτα
1419 4929 1510 4993 σοφοῖς
1526 4923 1597 4979 εἶναι
1611 4942 1773 4997 sparsorum·

147 5000 934 5071 stiarrisilludetrautquapoteruutturgidteloquentiaeet
986 4996 1087 5066 μένοις.
1126 4994 1248 5063 Quaeque
1275 4996 1311 5049 itit
1346 5007 1497 5065 sequautur
1530 4998 1668 5049 Arriuaou'ri
1690 4996 1772 5065 lrrrjus

147 5072 288 5137 tapierrtue
315 5074 524 5140 dialectrecsqne
549 5071 665 5124 cristicee
691 5070 867 5138 persuasione
890 5080 961 5120 tu·u
986 5079 1075 5118 errores
1104 5066 1228 5132 stirpitus
1256 5067 1445 5136 exprimentia.
1473 5063 1570 5119 'lotura
1607 5067 1657 5119 λιοιι
1685 5078 1772 5137 periris

146 5140 255 5206 plaistaa.
272 5138 376 5194 Contra
399 5144 449 5194 tros
470 5137 618 5194 nebulones
640 5154 673 5194 es
698 5138 819 5208 prolcsso
832 5145 932 5205 prignat
985 5136 1177 5204 ματαιοπονον,
1194 5147 1281 5202 neque
1294 5134 1440 5203 quidrpuanr
1460 5136 1526 5190 recti
1543 5136 1660 5203 bonique
1675 5135 1702 5188 in
1718 5135 1770 5188 rita

146 5211 191 5262 trie
214 5210 295 5272 litter,
319 5220 348 5263 et
367 5206 566 5279 rnulta'seripta
592 5211 776 5278 aritinuornrn,
798 5208 932 5276 precipue
985 5205 1104 5273 putruisse
1144 5203 1273 5271 expedire
1306 5218 1423 5273 ιιιιιγιιιιιιι
1458 5214 1536 5259 notat
1569 5204 1601 5257 tt.
1638 5205 1770 5259 titianas.

146 5274 303 5333 Graeeororu
318 5278 439 5332 Patroni.
457 5278 491 5331 lit
502 5279 557 5346 jam
571 5276 602 5331 B.
618 5277 728 5343 Paulus,
742 5277 848 5331 coloss.
859 5287 889 5337 ιι,
903 5274 931 5336 ti,
984 5279 1080 5342 purast.
1103 5270 1139 5327 95
1152 5270 1277 5327 Paraliol.
1296 5270 1453 5343 Scripturas.
1474 5276 1641 5329 diuisionem
1658 5275 1773 5329 rationis

145 5346 296 5416 8;llt}or.
325 5365 352 5402 ur
377 5358 464 5411 ιιιοιιιςι
493 5351 588 5403 luorum
613 5357 805 5401 cassesrnare
834 5355 934 5399 structae
982 5356 1037 5397 arou
1053 5356 1107 5397 uuo
1130 5343 1190 5397 luco
1203 5343 1231 5398 in
1251 5344 1344 5398 iisdeut
1361 5343 1495 5410 vituperat
1511 5343 1628 5399 Basilius
1647 5340 1772 5413 llagrnrs,

145 5418 208 5471 lirici
242 5419 416 5472 iuna-rentes.
445 5417 490 5471 Sic
518 5419 585 5472 scite
610 5418 744 5470 adulteros
768 5416 934 5471 crerleutionr
984 5411 1100 5466 niruiour
1118 5413 1244 5466 uiritirum
1261 5422 1289 5466 et
1300 5411 1389 5465 dedita
1405 5427 1487 5480 opera
1501 5413 1657 5467 altercando
1674 5414 1772 5468 uerita·

145 5488 265 5554 appellat
290 5486 486 5553 Tertullianus,
505 5488 615 5557 Λροίορ.
645 5478 670 5542 ο.
695 5487 742 5541 ll.
758 5487 792 5541 Ει
816 5484 936 5552 ptnloso·
985 5492 1039 5534 teni
1052 5480 1344 5547 amittentibusouarn
1356 5480 1498 5536 inconsulti
1511 5491 1670 5537 caeterarum
1682 5497 1771 5537 rerum

145 5558 238 5619 puram
271 5558 356 5624 ipsum
392 5558 464 5611 itlaur
494 5557 712 5624 disceptatricem
740 5553 935 5608 concursionem
984 5551 1135 5606 aestiruandi
1159 5554 1206 5621 qni
1231 5554 1264 5607 de
1291 5551 1383 5605 usundi
1408 5551 1602 5611 corrstltatione
1617 5552 1687 5607 inter
1714 5566 1772 5606 seue

146 5627 265 5679 ueritatis
283 5636 370 5687 νιιοιι,
387 5627 522 5680 antistites
539 5640 596 5690 cius
616 5626 779 5693 patriareltur
799 5623 936 5677 teretica-
986 5619 1177 5689 digladientur,
1208 5620 1277 5676 lielle
1297 5620 1394 5676 eaurtrt
1417 5619 1495 5677 Pltilo
1515 5618 1623 5678 iudaeus
1644 5623 1714 5676 libro
1735 5621 1773 5673 lie

308 5716 446 5782 Parnoi.
463 5720 520 5780 Gn.
535 5704 689 5779 lxxxv.
917 5764 923 5785 ,
1559 5710 1598 5777 33

853 4308 932 4362 tristi·
989 4306 1061 4358 tione
1075 4302 1246 4359 Constantini
1259 4304 1294 4359 ad
1312 4317 1468 4361 sanctoruni
1480 4318 1593 4370 οωιιιιιι,
1603 4322 1664 4377 cap.
1679 4304 1696 4362 θ
1712 4323 1719 4360 :
1735 4304 1773 4359 'ld
1867 4338 1869 4343 -
