3817 6075
130 292 184 355 ,iffi
730 298 869 359 sastttt
887 302 1160 365 ssLEttclsusts
1707 307 1760 373 564

132 413 257 459 astruere
276 411 409 458 conantur
429 421 436 457 t
459 404 581 473 quisdam
607 418 672 459 uero
693 406 794 476 aliquid
811 411 919 480 qutidcm
935 414 1092 484 Alopecen
1109 414 1261 483 περιθεῖναι
1275 415 1332 478 τοῖς
1347 413 1519 485 δαίμοσι·τόι
1533 415 1562 469 δὲ
1585 416 1685 471 πιθανά
1697 421 1757 487 μὲν,

132 494 377 552 verisimilitudinis
401 494 538 557 babentia,
567 503 595 549 et
623 497 721 566 saepius
755 500 845 569 edila;
876 504 922 557 sed
972 504 1018 558 καί
1035 521 1086 557 πον
1100 505 1147 558 καί
1162 503 1314 575 χρησθέντα
1326 503 1471 568 πολλάκις.
1488 506 1589 576 πολλῆς
1601 508 1629 561 δὲ
1640 508 1759 577 γέμοντα

133 585 277 657 rrrtrltipliei
299 585 432 639 varietate
453 594 479 640 et
497 585 673 657 ambiguitate
695 591 863 659 plenissima,
879 596 916 649 ita
971 594 1152 666 credintune
1176 595 1223 648 καί
1239 594 1415 663 άμφιύολίας.
1438 596 1483 659 Ὣς
1504 598 1552 650 καί
1571 598 1634 660 τούς
1653 615 1758 670 χρησα·

133 687 161 731 ιιι
176 678 221 745 ηιιί
237 675 280 730 illa
292 674 500 739 consuluissent,
511 677 621 747 ancipiti
630 694 737 750 semper
756 684 921 754 cognatione
974 684 1072 754 μένους
1085 685 1177 749 αύτοίς
1202 685 1303 755 πολλῆς
1323 686 1365 738 ἀεί
1380 685 1548 757 πληροῦσθαι
1566 689 1616 758 τῆς
1628 690 1759 762 άπορίας,

133 765 255 820 distracti
270 765 387 828 luerint,
406 765 502 819 incerti
519 782 572 836 qua
591 769 697 827 ratione
715 775 854 844 responsis
870 776 922 831 illis
973 778 1010 847 μὴ
1025 777 1136 847 ἔχοντες
1152 778 1225 841 όπιος
1242 777 1397 848 χρήσασθαι
1412 782 1469 842 τοῖς
1484 780 1644 850 χρησθεῖσιν
1655 783 1758 848 αὐτοῖς·

133 865 284 919 νιετειιιντ,
302 864 348 910 sut
371 855 415 925 qui
432 858 559 923 usisunt,
574 859 695 917 funditus
710 866 837 921 cumillis
850 866 917 936 ipsis
971 866 1051 937 ἢκαῖ
1070 866 1259 937 χρησαμένους
1284 867 1343 938 μίν,
1369 868 1601 938 σοναπολομένονς
1622 870 1650 923 δὲ
1675 869 1760 943 άρδην

133 946 191 1002 σιτία
208 945 326 1003 oraculis
340 954 367 1002 et
385 947 622 1006 vaticinationibus
642 952 840 1020 perderentur:
859 972 920 1012 eum
971 957 1063 1020 αὐτοῖς
1082 957 1250 1029 θεσπίσμασι
1274 960 1325 1012 καί·
1346 958 1548 1029 μαντεύμασιν·
1565 961 1594 1013 ὲν
1616 961 1759 1030 αἰνίγμασι

133 1040 222 1093 omnis
248 1039 298 1093 ista
320 1040 523 1108 praedictionum
540 1043 838 1118 ambitiosaeontentio
859 1063 921 1105 rer·
971 1045 1025 1116 γὰρ
1039 1045 1086 1098 κολ
1097 1045 1205 1116 reiron
1218 1048 1235 1116 tl
1248 1046 1378 1116 σύμποοο
1397 1046 1452 1099 τῶν
1467 1047 1599 1118 χρησμῶν
1612 1048 1671 1101 ἐστι
1684 1048 1760 1117 φιλο-

132 1134 227 1185 1ιοτιιιιι
255 1131 402 1188 involucris
414 1142 440 1186 et
452 1133 555 1203 gripliis
565 1134 725 1205 quibusdam
741 1138 919 1196 contineatur.
970 1134 1059 1205 τιμία·
1085 1134 1204 1206 Alitis
1225 1135 1254 1188 τὸ
1280 1134 1318 1206 μὴ
1343 1135 1415 1206 ἔχειν
1441 1136 1594 1200 εὺῦνίὸλολς
1619 1137 1688 1207 tisis
1710 1136 1760 1207 τὴν

135 1223 199 1275 llam
215 1232 358 1292 propterea
375 1225 449 1294 qirod
470 1239 524 1280 non
540 1236 615 1281 recte
628 1226 654 1281 in
671 1228 794 1284 ueritatis
809 1244 920 1299 scopum
971 1220 1110 1292 ἀλήθειαν,
1133 1222 1150 1293 ἢ
1171 1224 1245 1282 ὅπως
1267 1223 1301 1276 ἂν
1316 1225 1347 1275 τό
1364 1223 1460 1292 μέλλον
1477 1224 1633 1294 προείποιεν
1654 1225 1759 1294 σαφῶς,

133 1311 313 1377 collimarent,
345 1326 433 1380 neque
459 1326 512 1382 qua
540 1315 647 1370 ratione
671 1316 704 1371 de
728 1316 828 1373 suturis
853 1320 921 1375 certi
971 1313 1059 1384 τυφλὰ
1081 1315 1130 1369 κοιλ
1152 1314 1258 1382 ἀγκύλον
1278 1313 1381 1377 λοιπὸν,
1404 1314 1451 1368 καλ
1475 1316 1688 1386 πεπλανημένα,
1712 1318 1760 1371 καλ

134 1404 234 1473 aliquid
247 1404 390 1461 enuntiare
410 1413 535 1475 possent,
560 1406 693 1464 traherent
709 1425 715 1463 ε
733 1408 922 1480 idcircoque-
972 1405 1040 1476 πρὸς
1055 1404 1348 1476 μνρλοτοδοὺτέχονοο
1360 1405 1410 1468 τὰς
1423 1405 1590 1471 ἀποκλίνοντι
1602 1407 1757 1475 coelectos,

134 1493 1759 1569 mmmmfflmmmmmmmmwwmmfflwfflw

135 1592 223 1650 erant,
246 1592 378 1651 tortuosa,
402 1585 562 1653 titubantia,
583 1602 697 1658 quaque
713 1590 864 1647 adinlinita
880 1592 922 1649 di·
973 1588 1073 1658 μᾶλλον
1094 1586 1240 1658 δαιμόνων,
1263 1588 1280 1659 η
1302 1588 1357 1641 τῶν
1379 1588 1417 1660 μὴ
1440 1587 1673 1659 indispositio
1694 1589 1759 1653 τοὺς

135 1675 264 1732 carticula
285 1677 462 1744 declinarent,
476 1693 530 1746 quo
547 1694 638 1736 rerum
649 1680 770 1739 infelices
779 1698 921 1742 successus
971 1680 1123 1753 λθθσμολς,
1140 1675 1212 1734 οἶνον
1227 1680 1263 1734 τὰ
1279 1678 1483 1749 ἀποτεύγματα·
1497 1679 1599 1744 sirice
1611 1678 1658 1732 τοῦ
1676 1680 1759 1750 Κροί-

136 1785 187 1825 uon
205 1778 259 1824 tam
282 1768 458 1832 dationibus,
482 1769 635 1840 liujusmodt
648 1773 756 1828 oracula
767 1775 919 1842 edentibus,
936 1777 958 1832 Β
973 1786 1019 1823 σον
1033 1770 1177 1844 χρωμένου
1191 1788 1221 1825 τε
1234 1770 1280 1824 καλ
1297 1771 1427 1842 ἐρομένου
1439 1770 1484 1824 τόν
1497 1770 1663 1833 Ἀντύλλον
1679 1786 1757 1841 περι-

134 1877 215 1931 (ruant
229 1860 294 1930 ipsis
311 1859 477 1926 homiuibus,
493 1876 547 1917 non
568 1861 638 1917 bene
653 1862 780 1919 uidelicet
795 1879 827 1919 ca
840 1864 921 1921 iutel-
974 1863 1052 1919 ἐσται
1063 1862 1112 1917 τοῦ
1125 1862 1219 1935 Κύρου
1237 1861 1361 1933 (Περσῶν
1376 1860 1405 1914 δὲ
1419 1861 1465 1913 καί
1478 1861 1590 1930 Μήδων,
1606 1858 1657 1929 ἤδη
1670 1858 1699 1912 δὲ
1712 1859 1760 1912 καί

135 1951 288 2023 ligentibus
314 1950 525 2007 ascriberentur.
549 1951 617 2006 Cum
640 1951 751 2009 Crocus
768 1953 919 2024 Apollinem
977 1952 1070 2018 Ἀσίας
1092 1953 1142 2024 τῆς
1158 1953 1305 2022 πλείστης,
1322 1947 1356 2023 ἦν
1371 1945 1447 2015 οὗτος
1465 1952 1480 2004 ό
1495 1952 1585 2022 Κύρος
1609 1948 1757 2020 βασιλεὺς),

134 2043 297 2110 consuleret,
323 2058 355 2099 ex
376 2042 422 2098 illo
445 2044 607 2108 sciscitatus,
628 2059 691 2098 nunt
715 2045 748 2104 dc
767 2044 838 2116 Cyro
857 2061 921 2117 rege
972 2040 1021 2096 xci
1036 2043 1122 2097 πολλὰ
1136 2043 1246 2114 ptumi<
1260 2042 1343 2107 εἰκός,
1365 2042 1552 2104 ἱκετεύσαντος
1565 2040 1612 2094 τοῦ
1627 2040 1757 2111 Κροῖσον,

135 2136 276 2191 Persarum
298 2148 330 2190 ac
351 2133 500 2200 Medorum,
520 2134 645 2204 Asiaeque
669 2149 766 2205 magna
782 2151 814 2189 ex
833 2125 919 2205 parte,
972 2130 1059 2186 πολλά
1088 2132 1117 2186 dl
1146 2133 1193 2186 καί
1219 2131 1422 2196 καταθύσαντας
1456 2132 1502 2183 καῖ
1531 2129 1759 2200 άριεριοσαμένον

135 2226 276 2281 uictoriam
300 2233 372 2281 esset
400 2233 624 2281 consecuturus:
649 2224 796 2293 multaque,
817 2235 847 2280 ut
871 2239 922 2296 par
972 2226 1119 2296 χρήματα·
1143 2223 1182 2287 ὡς
1205 2224 1238 2277 ἂν
1262 2222 1310 2276 καί
1331 2221 1460 2293 λαμπρᾶς
1476 2221 1547 2275 ούτω
1563 2222 1610 2274 καλ
1627 2220 1759 2291 μεγίστης

132 2304 202 2383 erat,
219 2316 247 2372 λιι
256 2330 317 2372 enm
329 2317 409 2371 linem
421 2325 483 2371 rota
492 2315 612 2381 lecisset,
619 2317 702 2387 200
711 2316 920 2373 multasbostias
971 2315 1117 2386 ίριεμίνον
1138 2314 1226 2386 νίκης,
1251 2313 1281 2367 τό
1303 2313 1349 2367 τόν
1374 2313 1465 2384 Κῦρον
1492 2313 1631 2367 καθελεῖν·
1649 2312 1676 2365 τί
1691 2329 1758 2383 φησι

133 2409 317 2473 immolasset,
348 2407 460 2464 multam
492 2408 614 2478 pecunia
648 2409 701 2463 rirn
733 2415 921 2464 consecrasset
974 2405 1046 2479 μετὰ
1056 2406 1143 2461 ταῦτα
1159 2404 1437 2474 πάνταόθαομάσιοτ
1450 2403 1625 2474 χρησμῳδός;

132 2501 243 2571 μγιιῖμρε
257 2501 303 2571 oui
318 2501 353 2555 ad
364 2510 418 2554 tam
430 2499 548 2555 nobilem
562 2514 594 2555 ae
606 2500 751 2570 gloriosam
762 2500 915 2566 uictoriam,
935 2497 1036 2571 Cyrum
1070 2497 1255 2553 internecione
1277 2496 1395 2561 delendi,
1404 2494 1559 2566 aspiraret),
1572 2493 1636 2565 quid
1669 2492 1760 2551 admi·

132 2595 225 2652 rabilis
239 2595 284 2652 ille
306 2603 381 2651 rates
396 2603 457 2665 post
472 2595 530 2651 lraec
545 2594 636 2651 omnia
649 2592 810 2685 respondit?

134 2707 232 2765 Perdet
246 2706 362 2776 Croesus,
380 2706 468 2779 ίίοίριι
485 2718 674 2780 transgressus,
688 2709 804 2765 sissimo
818 2725 911 2781 repon.
1007 2707 1134 2776 Κροῖσος
1151 2705 1244 2760 Ἅλον
1262 2704 1382 2770 craece,
1397 2704 1537 2773 sepultor
1551 2698 1759 2841 όρχῖγῖσδκιατα·

169 2886 245 2953 Quod
256 2886 395 2941 oraculum
412 2885 470 2942 sire
486 2894 516 2941 nt
536 2884 646 2954 loxias,
667 2886 719 2941 hoc
742 2894 786 2941 est
808 2884 917 2942 sexilo-
1007 2888 1093 2943 Τοῦτο
1108 2889 1139 2945 τό
1154 2888 1333 2961 μάντευμα,ό
1349 2889 1404 2942 είτε
1417 2887 1455 2951 ebe
1467 2886 1565 2951 λοξίας
1584 2885 1697 2951 ἔδωκεν,
1714 2885 1757 2938 ἐπ’

64 3049 69 3057 ἱ
134 2991 213 3047 quius,
225 2977 351 3040 ediderit,
366 2975 470 3046 juilleio
485 2976 516 3045 id¹
532 2975 691 3047 accipientis
705 2976 916 3032 examinandum
931 2980 952 3073 ‘c
969 2979 1043 3052 αύτῷ
1057 2980 1232 3051 καταλείψας,
1247 2979 1286 3051 τῷ
1302 2980 1349 3034 καί
1371 2978 1490 3045 λαθόντι,
1507 2977 1555 3050 την
1578 2977 1687 3048 κρίσιν·
1702 2978 1758 3031 είτε

133 3070 328 3133 comunittens;
352 3068 410 3123 sire
435 3077 465 3122 ut
488 3068 640 3138 improbus,
662 3077 691 3123 et
711 3066 841 3138 supplicis
864 3069 917 3123 sibi
970 3074 1008 3138 ιθς
1019 3073 1147 3148 πονηρός,
1162 3074 1210 3126 καί
1221 3072 1269 3125 τού
1281 3071 1371 3125 ίκέτου
1387 3070 1537 3141 προδότης·
1554 3071 1609 3124 είτε
1623 3069 1662 3134 ὡς
1675 3070 1759 3132 αότός

134 3160 272 3229 proditor;
287 3159 345 3215 sire
360 3168 390 3213 st
412 3162 612 3223 decretumst
631 3158 779 3229 quomodo,
793 3167 820 3214 et
836 3173 919 3228 quor·
975 3163 1093 3232 ἀγνοῶν,
1110 3164 1184 3226 ὅπως
1204 3180 1234 3216 τε
1248 3163 1293 3216 καί
1312 3163 1368 3232 ότιη
1385 3165 1507 3216 πεσεῖται
1525 3161 1555 3215 τθ
1569 3160 1675 3230 μέλλον,
1691 3161 1759 3214 καθ-

134 3265 194 3305 sum
209 3264 253 3307 res
269 3263 373 3305 casurae
394 3260 496 3316 esseut,
520 3249 842 3320 ignarus,Croesoccrtc
861 3251 920 3305 eri·
969 3253 1044 3318 άπαξ
1064 3254 1110 3307 τόν
1136 3255 1254 3324 Κροῖσον
1278 3251 1412 3306 ἀπώλεσε.
1435 3252 1491 3305 Καί
1509 3251 1562 3321 γάρ
1576 3251 1623 3304 καί
1646 3251 1759 3313 αύτδςό

133 3342 199 3396 tiutu
211 3341 311 3397 attulit.
328 3341 403 3397 cetto
417 3342 490 3396 enisu
514 3342 565 3397 boc
584 3342 716 3397 vaticinio
737 3341 847 3406 elatus,
865 3340 917 3396 ltn·
969 3345 1085 3415 Κροῖσος
1108 3334 1185 3406 οὗτος
1205 3343 1336 3414 ἐπαρθείς
1353 3342 1441 3413 τούτῳ
1464 3341 1504 3410 τῷ
1527 3339 1603 3411 καλῷ
1626 3341 1757 3410 χρησμῷ,

133 3432 205 3487 τίνοι
220 3430 317 3502 λίνίγιι,
330 3432 407 3486 reluat
420 3431 446 3485 iu
465 3431 605 3502 explorata
616 3431 672 3499 jam
690 3430 919 3487 luculentissima·
967 3433 1043 3506 διέόη
1057 3452 1086 3489 τε
1100 3433 1211 3506 θαρρῶν
1229 3435 1275 3488 τόν
1287 3433 1371 3487 ’λλον
1383 3432 1515 3504 ποταμόν,
1530 3432 1567 3492 ὡς
1580 3431 1627 3484 ἐπί
1642 3430 1759 3502 λαμπρᾷ

133 3539 188 3594 que
201 3521 326 3589 uictoria,
343 3521 458 3577 tidenter
474 3521 603 3592 trajecit,
622 3531 650 3576 et
663 3535 833 3576 manascunt
847 3520 919 3590 Cyro
968 3525 1015 3580 καί
1027 3524 1147 3596 άριδηλῳ
1163 3527 1241 3597 νίκη·
1264 3525 1391 3596 οονθμιξί
1403 3540 1433 3577 τε
1448 3523 1487 3594 τῷ
1501 3523 1595 3594 Κύρῳ,
1610 3523 1659 3576 καί
1674 3523 1758 3593 ηττη·

133 3630 290 3677 couserens.
310 3615 374 3670 totis
394 3613 497 3669 lraetus
509 3613 625 3677 viribus,
648 3628 727 3668 suum
752 3613 810 3682 ipse
833 3613 918 3684 impe·
969 3615 1027 3680 θείς
1041 3616 1111 3670 κατά
1125 3616 1243 3686 κράτος,
1269 3615 1318 3687 τὴν
1332 3617 1413 3679 αύτός
1426 3614 1509 3668 αύτού
1528 3613 1653 3685 μεγάλην
1668 3629 1757 3666 κατα·

134 3708 205 3761 rium
225 3706 330 3759 inscius
350 3705 467 3759 evertit:
493 3707 544 3759 linc
572 3717 624 3757 una
647 3701 832 3770 pulcherrimo
856 3702 919 3757 linio
969 3706 1054 3772 λύσας
1083 3707 1178 3761 ἔλαθεν
1212 3708 1323 3778 άρχίγν·
1358 3705 1523 3775 καταλείψας
1556 3705 1597 3775 τῷ
1626 3703 1758 3775 βελτίστῳ

132 3797 244 3852 oraculo
260 3798 419 3851 defensioue
437 3796 543 3862 relicta,
558 3795 629 3864 qurod
645 3794 719 3848 illius
733 3807 842 3848 sensum
864 3808 917 3849 non
969 3797 1087 3870 χρησμῷ
1103 3800 1151 3853 καί
1166 3799 1324 3866 άπολογίαν,
1345 3797 1375 3851 τό
1402 3797 1439 3867 μὴ
1460 3796 1541 3860 αύτδς
1555 3795 1715 3866 νενοηκέναι
1727 3794 1757 3848 τό

133 3889 200 3944 satis
216 3888 409 3959 percepisset:
432 3888 484 3943 dco
504 3899 602 3956 nertrpe
617 3885 786 3940 eontrarium
807 3884 916 3952 atlante,
969 3890 1069 3958 λόγιον,
1092 3871 1221 3943 τάναντία
1237 3889 1389 3960 χρήσαντος
1410 3885 1457 3940 τοῦ
1472 3884 1552 3949 Θεοῦ,
1577 3887 1616 3956 μη
1633 3885 1753 3958 διαθηναι

133 3981 247 4036 durium
264 3977 350 4051 llalyn
368 3993 540 4049 nequaquam
556 3978 808 4046 transmittendum,
829 3991 918 4049 tueque
969 3981 1016 4034 τόν
1027 3979 1112 4034 ’λλον
1127 3979 1261 4050 ποταμόν,
1276 3978 1344 4048 μηδὲ
1362 3977 1496 4048 συμμῖξαι
1506 3975 1545 4047 τῷ
1557 3974 1751 4048 libassem

132 4087 193 4127 curu
205 4071 276 4142 Cyro
288 4071 411 4141 proelium
430 4068 598 4126 miscendum
615 4083 696 4135 esse,
717 4069 759 4124 siu
783 4083 865 4125 serus
885 4069 919 4123 ab
970 4070 1117 4126 καταλύσει
1131 4070 1182 4140 τῆς
1195 4067 1277 4123 αὑτοῦ
1291 4068 1413 4140 μεγάλης
1427 4067 1516 4139 ἀρχῆς
1530 4065 1612 4122 τούτο
1632 4068 1755 4138 ποιήσον-

133 4177 166 4220 oo
180 4163 268 4228 terei,
284 4163 311 4217 in
326 4171 428 4217 certam
441 4160 600 4231 amplissimi
617 4160 693 4232 regni
712 4162 754 4216 sui
772 4161 918 4232 perniciem
969 4180 1014 4218 τα.
1029 4165 1085 4218 lint
1106 4163 1133 4216 εί
1154 4180 1197 4226 τις
1217 4162 1345 4232 ἀπιστοίη
1369 4176 1426 4230 μοι,
1448 4160 1486 4224 ὡς
1500 4158 1587 4213 ταῦτα
1600 4158 1710 4231 είρηταί
1724 4175 1757 4211 τε

133 4243 307 4310 ἷινειιιντιιιιι.
328 4253 405 4320 Quod
423 4254 445 4307 si
462 4253 523 4323 spuis
539 4253 609 4309 iortc
632 4253 697 4308 milri
720 4251 800 4308 tidem
818 4254 919 4308 babere
971 4251 1048 4324 παρὰ
1062 4253 1111 4322 τῆς
1124 4250 1265 4323 βελτίστης
1277 4250 1392 4314 Πυθίας,
1402 4250 1450 4302 καί
1463 4251 1610 4321 γεγένηται
1619 4245 1751 4319 παράτού

136 4344 213 4406 ιιαλῖι,
233 4345 290 4398 lise
303 4351 331 4397 et
345 4357 360 4396 a
378 4343 605 4411 prestantissima
621 4342 718 4415 Pythia
734 4341 818 4397 luisse
832 4342 915 4406 dicta,
972 4344 1111 4415 Κροίσου,
1126 4341 1217 4395 λαθὼν
1232 4341 1278 4394 τόν
1293 4342 1402 4412 ηδιστον
1418 4337 1576 4411 Ἡρόδοτον,
1586 4328 1687 4392 ίιαίδιν
1699 4333 1750 4397 τάς

134 4442 162 4487 et
180 4430 307 4486 aGroeso
326 4439 412 4500 gesta.
433 4429 623 4486 llerodotunr¹
643 4431 828 4487 dulcissimum
848 4432 918 4486 scri·
934 4402 956 4458 ὓ
972 4436 1036 4505 περί
1047 4433 1150 4487 τούτων
1166 4429 1321 4500 όκλεγίσθω
1336 4430 1453 4493 πίστεις.
1475 4431 1530 4483 Καί
1551 4424 1753 4500 παρολιμττάνιο

135 4535 242 4594 plorem
261 4524 288 4577 in
303 4540 401 4579 manus
421 4533 521 4587 sumat,
542 4525 576 4579 ab
598 4539 686 4594 eoque
703 4526 808 4580 luorum
823 4527 920 4593 proba·
970 4525 1016 4580 τόν
1025 4526 1117 4596 ἕτερον
1126 4524 1169 4578 ἐπ’
1181 4521 1302 4593 αύτῷτῷ
1310 4521 1555 4592 Κροίσῳγεγονότα
1566 4514 1757 4590 χρησμδν,καλ

134 4620 235 4674 tionem
267 4622 351 4684 petat.
381 4613 484 4669 Omitto
517 4615 631 4670 alterum
664 4615 803 4670 oraculum
831 4615 916 4670 eidem
972 4616 1022 4686 την
1038 4615 1148 4685 ἡμίονον
1162 4614 1195 4684 ἢν
1218 4613 1271 4682 ἔφη
1298 4607 1758 4683 βασιλεύσει[ν],καίτηνάτάτην,

134 4711 231 4767 Croesc
245 4707 378 4764 redditum
394 4715 420 4760 et
433 4704 531 4760 mulam
543 4708 563 4768 ¹,
581 4722 661 4776 quiam
676 4721 758 4776 regno
774 4705 920 4774 potituram
970 4710 1005 4778 ἦν
1015 4711 1029 4762 ὁ
1040 4709 1158 4778 Κροῖσος
1171 4704 1332 4775 ἀπατηθείς,
1347 4704 1385 4757 ίδε
1400 4705 1460 4772 μετ’
1471 4703 1502 4754 ού
1515 4700 1617 4763 πολλάς
1630 4697 1680 4761 τὰς
1689 4696 1760 4780 ispi·

132 4801 270 4872 praedixit,
286 4808 428 4867 totamque
444 4797 592 4863 iallaciam,
610 4811 663 4867 qua
682 4796 728 4852 ille
752 4795 919 4857 ludificatus,
974 4817 1023 4871 ρας
1037 4798 1085 4869 τὴν
1100 4799 1211 4867 ἡμίονον
1232 4795 1441 4866 βασιλεύουσαν·
1464 4794 1557 4863 Κύρος
1570 4792 1599 4846 δὲ
1621 4787 1700 4853 οὗτος
1713 4785 1759 4860 ην,

134 4909 235 4966 paucos
259 4902 321 4964 post
342 4892 399 4946 dies
413 4890 514 4942 muriani
539 4896 698 4959 regnantem
714 4889 801 4957 uidit,
817 4888 918 4958 Cyrum
973 4893 1031 4945 όὲκ
1045 4889 1193 4959 Καμόύσον
1212 4887 1262 4958 μὲν
1274 4887 1321 4943 τοῦ
1335 4887 1451 4957 Πέρσου,
1464 4887 1496 4938 ὲκ
1510 4883 1656 4951 Μανδάνης
1667 4881 1697 4936 δὲ
1710 4880 1760 4951 τῆς

133 4986 259 5042 uidelicet
288 4993 365 5050 patre
389 4983 524 5049 Cambyse
550 4979 644 5042 Persa,
673 4989 759 5036 matre
787 4979 919 5033 Maridana
980 4978 1205 5047 ’λστυάγοοςτοῡ
1228 4979 1320 5048 Μήδου
1343 4974 1488 5047 θυγατρός.
1502 4975 1538 5027 Τό
1553 4973 1608 5043 γάρ
1632 4971 1761 5040 ἀνόμοιον

136 5075 262 5146 Astyagis
275 5072 344 5127 lledi
369 5072 422 5127 lilia
445 5082 551 5126 uatum.
571 5070 670 5137 Stirpis
691 5071 762 5122 euim
779 5069 920 5136 utriusque
973 5073 1029 5122 τοῖν
1040 5068 1146 5136 usuali⁸
1162 5068 1235 5120 τοῦτ’
1249 5062 1293 5137 ἦν,
1310 5067 1378 5138 ὅπερ
1398 5064 1521 5137 ᾐνίττετο
1542 5063 1592 5134 μὲν
1606 5061 1637 5115 τδ
1652 5061 1761 5129 θαυμα-

139 5166 388 5220 dissimilitudinem
421 5163 565 5218 mirificant
599 5163 651 5215 hnc
684 5158 843 5223 oraculum,
874 5160 920 5212 sed
976 5158 1038 5212 στὸν
1068 5157 1175 5225 λόγιον·
1205 5157 1266 5226 ἠδὲ
1289 5157 1406 5226 ἀσάφεια
1430 5155 1476 5209 καί
1493 5153 1588 5224 διπλόη
1614 5152 1660 5205 τόν
1682 5150 1760 5203 δόλον

138 5265 233 5324 operte
262 5272 294 5310 ac
311 5264 395 5309 tecte
419 5254 548 5306 nimirum
574 5248 765 5317 significabat:
783 5249 834 5301 uisi
850 5248 921 5316 ηιιοιί
974 5249 1129 5318 εἰργάσατο.
1146 5247 1224 5300 'stit
1239 5249 1274 5301 τά
1290 5248 1338 5320 μὲν
1352 5247 1406 5301 τῶν
1420 5246 1562 5317 δαιμόνων,
1582 5244 1621 5306 ὡς
1640 5244 1672 5295 ἐκ
1688 5241 1759 5294 πάνυ

137 5342 290 5396 obscuritas
308 5355 334 5397 et
352 5338 559 5410 significationis
576 5338 695 5392 uarietas
710 5337 819 5389 errandi
841 5351 920 5389 ocea—
974 5340 1079 5394 πολλῶν
1095 5340 1172 5407 όλίγα
1196 5342 1292 5404 εἰπεῖν,
1316 5340 1444 5394 τοιαῦτα·
1472 5336 1616 5405 ἀπατηλὰ,
1640 5333 1759 5404 πονηρά.

137 5432 242 5484 sinuent
264 5431 498 5485 subministraret.
520 5428 552 5483 Et
575 5417 923 5493 deluuntu'mnuiilemora·
975 5429 1098 5498 κῖόδηλα,
1127 5429 1241 5492 ύτσνλα,
1273 5429 1379 5499 θολερά,
1403 5429 1470 5482 πολύ
1496 5429 1526 5480 τό
1548 5425 1686 5497 ἀχλυῶδες
1711 5424 1760 5477 καί

141 5524 215 5586 cuia,
244 5533 273 5576 ut
302 5537 333 5575 ex
359 5519 480 5598 plurimis
504 5537 589 5592 pauca
614 5521 746 5580 diraruus,
772 5519 922 5586 hujusmodi
975 5520 1167 5591 διεψευσμένον
1184 5521 1287 5590 ἔχοντα.
1313 5521 1352 5573 Τὰ
1374 5520 1400 5572 δὲ
1418 5520 1471 5572 τῶν
1494 5517 1644 5588 άγίιονᾶρσ
1665 5515 1759 5569 λοιπόν

174 5678 184 5713 ¹
200 5675 260 5735 Lib.
278 5693 296 5731 t.
335 5679 344 5707 ¹
363 5672 474 5727 ttiiilem.
514 5675 523 5704 ⁸
541 5675 576 5728 al.
592 5673 638 5727 τοῦ
654 5672 755 5742 γίνονς.
