3817 6075
1165 213 1304 282 1759
2117 206 2479 272 MONITUM
2523 205 2601 265 ΙΝ
2647 202 3097 274 SEQUENTES
3137 196 3619 262 110M1L1AS.

1165 327 1316 400 quod
1365 327 1512 383 docti
1543 329 1644 384 viri
1671 329 1751 399 (3)
1781 327 2147 384 communiter
2174 332 2299 396 post
2324 322 2561 377 Leonem
2594 318 2853 373 Allatium
2873 316 2954 386 (4)
2982 316 3331 373 existimant
3368 314 3551 368 lianc
3588 304 3817 364 homilia

1169 425 1259 472 tro
1294 429 1421 474 esse
1452 415 1835 483 tribuendam;
1874 425 1931 472 et
1960 414 2122 484 longe
2168 411 2449 480 antiquior
2481 408 2641 463 testis
2673 403 2894 461 Nicetas
2921 405 3005 460 his
3038 405 3290 471 accedit,
3334 411 3611 458 sensum
3652 396 3817 451 illoru

1176 505 1402 561 nomine
1433 503 1705 575 Antipatri
1733 502 2097 574 fragmentum
2141 500 2412 572 quoddam
2441 494 2603 565 huius
2636 491 2878 549 homiliae
2903 492 3064 548 affert
3093 493 3147 548 in
3185 508 3299 548 sua
3345 489 3477 546 SS.
3528 484 3785 540 Patrum

1178 602 1375 648 catena
1397 631 1414 656 ,
1475 607 1638 662 quam
1686 591 1878 648 Graece
1922 590 2199 662 evulgavit
2252 583 2724 642 eminentissimus
2764 581 3061 637 cardinalis
3112 579 3381 652 Angelus
3446 574 3574 631 Mai
3654 573 3715 628 in
3779 586 3817 625 st

1184 676 1336 735 Nova
1364 678 1701 735 Collectione
1724 678 1826 749 (5).
1858 677 2021 749 Spem
2058 686 2304 732 nostram
2329 687 2435 727 non
2470 669 2663 725 lefellit
2696 677 2959 736 eventus;
2989 684 3137 734 nam,
3163 667 3368 724 «livino
3427 664 3492 719 fa
3506 669 3694 718 rente
3726 674 3817 714 am

1181 765 1286 821 fuit
1308 766 1505 838 duplex
1537 765 1712 821 Graeci
1744 775 1927 821 textus
1949 765 2145 832 codex,
2178 772 2233 818 et
2261 765 2492 831 uterque
2519 758 2743 813 maximi
2773 758 2932 829 pretii
2959 776 2974 812 z
3001 758 3142 813 alter
3164 771 3380 825 nempe
3413 753 3793 814 Vaticanus,

1182 854 1519 923 inscriptum
1549 853 1689 908 alter
1718 852 2076 917 BarberinuS,
2113 851 2215 907 suh
2244 842 2310 903 ἠ’
2338 847 2445 904 488
2471 846 2593 902 cod.
2637 845 2816 902 Graec.
2854 845 2946 917 qui
2976 845 3102 900 olim
3135 845 3201 900 ad
3231 841 3739 898 illustrissimum
3797 834 3817 891 Ι

1189 942 1453 1005 tinuerat,
1482 941 1564 997 sin
1587 956 1748 996 manu
1779 941 1895 1012 ejus
1928 950 2212 1003 exaratus,
2243 938 2435 993 saltem
2464 952 2531 993 eo
2568 935 2790 1003 iubente
2814 945 2870 991 et
2896 934 3168 1005 dirigente
3199 933 3528 988 redactus.
3615 1002 3620 1006 ³

1265 1029 1521 1083 Attamen
1554 1037 1735 1083 utrum
1765 1028 1977 1098 integer
2009 1037 2190 1083 textus
2219 1026 2407 1083 Graece
2447 1033 2596 1080 esset
2632 1024 2900 1089 edendus,
2940 1023 3132 1078 incerti
3173 1021 3582 1091 ambignique
3617 1016 3817 1074 haereb

1198 1115 1364 1170 tionis
1395 1115 1593 1185 duplex
1622 1116 1812 1170 aderat
1837 1130 2025 1172 causa.
2053 1113 2129 1168 Ex
2162 1130 2268 1168 una
2294 1122 2466 1182 parte,
2501 1113 2555 1166 in
2588 1113 2693 1168 hac
2721 1111 2946 1167 homilia
2975 1109 3161 1166 multae
3186 1120 3358 1165 erant
3395 1107 3739 1164 sententia·
3763 1119 3817 1159 a<

1202 1201 1501 1267 tilissimoe;
1532 1210 1587 1257 et
1620 1202 1816 1257 exinde
1863 1201 2040 1256 nostri
2073 1209 2194 1255 erat
2216 1198 2503 1255 Lestorum
2551 1199 2725 1254 oculis
2754 1213 2860 1253 non
2906 1198 3080 1253 solum
3121 1198 3463 1253 sententias
3503 1192 3807 1254 auctoris,

1197 1300 1431 1356 textum,
1470 1304 1635 1360 quem
1673 1291 1835 1345 aliter
1869 1291 2154 1347 consulere
2197 1304 2304 1346 non
2344 1289 2674 1360 potuissent,
2704 1297 2759 1343 et
2798 1288 2998 1345 exinde
3028 1286 3316 1342 homiliam
3352 1286 3675 1355 integram
3725 1281 3817 1337 sul

1198 1393 1329 1443 pars
1364 1378 1601 1433 homilioe
1635 1377 1752 1434 fere
1782 1379 2003 1435 dimidia
2036 1365 2184 1433 iliud
2211 1378 2381 1433 habet
2408 1383 2809 1449 argumentum,
2838 1384 2996 1447 prout
3034 1389 3103 1430 ex
3131 1373 3293 1428 titulo
3323 1373 3547 1427 videre
3571 1379 3696 1436 cst,
3729 1369 3817 1439 qui

1194 1464 1368 1535 ἅγιον
1414 1464 1709 1533 Ἰωάννην
1737 1466 1845 1521 τὸν
1875 1468 2231 1536 Βαπτιστὴν
2282 1466 2380 1521 καὶ
2415 1467 2502 1532 εἰς
2533 1465 2647 1534 τὴν
2679 1462 2867 1534 σιγὴν
2895 1463 3215 1531 Ζαχαρίου,
3269 1462 3375 1516 καὶ
3414 1462 3522 1528 εἰς
3567 1459 3696 1514 τὸν
3726 1458 3817 1513 ἁσ

1197 1554 1515 1610 Θεοτόκου.
1550 1552 1619 1609 In
1648 1552 1708 1612 S.
1737 1552 2002 1610 Joonnem
2044 1554 2342 1626 Baptistam
2376 1563 2425 1610 et
2459 1555 2512 1608 in
2535 1553 2804 1608 silentium
2828 1549 3130 1617 zacaanoe,
3168 1560 3215 1605 et
3244 1550 3303 1604 in
3332 1547 3781 1603 salutationem
3807 1563 3817 1599 a

1202 1643 1374 1712 igitur
1415 1644 1687 1714 integram
1737 1643 2028 1698 ederemus
2068 1643 2374 1706 homiliam,
2410 1642 2581 1696 lector
2610 1642 2702 1709 qui
2736 1640 2912 1711 primo
2946 1638 3141 1692 intuitu
3176 1653 3293 1692 rem
3335 1636 3817 1691 animadvertet«

1203 1746 1312 1783 non
1344 1730 1697 1800 pertinebant
1730 1732 2028 1789 miscuisse
2058 1732 2442 1802 exprobraret.
2472 1731 2737 1795 Tandem,
2763 1726 3019 1786 omnibus
3044 1726 3150 1780 rite
3176 1725 3513 1794 perpensis,
3548 1737 3630 1778 ne
3671 1723 3814 1777 hom

1199 1814 1342 1884 picta
1370 1818 1651 1881 evaderet.
1682 1821 1829 1889 quod
1858 1828 2012 1875 certe
2047 1820 2210 1890 plane
2244 1818 2581 1888 displiceret,
2624 1818 2668 1871 si
2705 1826 2913 1870 tantum
2943 1824 3152 1883 partem
3178 1826 3300 1881 quae
3324 1812 3404 1866 ad
3449 1812 3785 1881 Deiparam

1201 1918 1406 1963 remus.
1446 1912 1657 1960 textum
1692 1907 1968 1978 integrum
1998 1907 2359 1973 exhibemus3
2413 1919 2586 1974 eoque
2630 1902 2804 1974 magis
2835 1916 2941 1972 quo
2986 1902 3146 1955 aliter
3184 1900 3262 1956 sic
3293 1906 3578 1954 truncata
3614 1898 3817 1954 bueria

1202 1992 1469 2063 Antipatri
1502 1994 1746 2053 bomilia.

1273 2096 1503 2169 insuper
1547 2101 1687 2156 haud
1733 2100 1926 2158 inutile
1970 2108 2093 2157 erat
2131 2101 2185 2156 in
2222 2100 2401 2155 lucem
2431 2098 2676 2171 proferre
2711 2110 2833 2168 quae
2865 2092 2931 2149 ad
2979 2100 3224 2149 sanctum
3250 2090 3538 2148 loannem
3576 2099 3643 2146 et
3701 2089 3780 2146 ad

1202 2184 1334 2240 Nam
1365 2186 1697 2246 Laurentius
1728 2188 1949 2256 Surius,
1984 2189 2239 2260 quamvis
2290 2187 2450 2242 lande
2481 2186 2679 2257 diguus
2720 2196 2777 2240 et
2802 2184 3014 2239 anobis
3044 2183 3180 2237 bene
3214 2183 3458 2236 meritus
3497 2179 3612 2246 sit,
3673 2179 3817 2235 mult

1201 2272 1573 2330 heneexarata
1601 2284 1656 2330 et
1678 2290 1798 2347 quae
1822 2291 1929 2331 non
1960 2276 2097 2331 satis
2122 2276 2368 2331 humana
2393 2283 2614 2329 caverat
2646 2281 2837 2328 natura
2861 2271 3122 2342 reliqnit;
3154 2269 3228 2324 ita
3253 2268 3387 2323 utin
3426 2267 3576 2323 locis
3614 2284 3741 2322 non
3773 2282 3817 2336 p:

1202 2360 1393 2419 Graeco
1447 2362 1699 2419 Latinam
1756 2364 2048 2420 lectionem
2118 2363 2453 2430 contulerit,
2505 2377 2612 2418 non
2670 2361 2844 2417 solum
2910 2358 3154 2413 auctoris
3201 2371 3439 2411 acumen
3469 2396 3486 2418 .
3550 2355 3667 2411 sed
3719 2356 3817 2410 etia

1205 2446 1384 2517 ipsum
1413 2449 1552 2504 male
1581 2450 1813 2520 exprimi
1841 2450 2241 2520 deprehendet.
2273 2450 2627 2520 Quapropter
2652 2462 2770 2503 eam
2796 2448 3099 2503 versionem
3121 2443 3292 2515 polire
3324 2454 3425 2498 ant
3449 2444 3656 2514 potius
3691 2442 3817 2499 reli·

1269 2536 1328 2592 ln
1367 2535 1470 2593 hac
1513 2548 1705 2593 nostra
1753 2539 1980 2595 homilia
2040 2553 2219 2610 neque
2251 2539 2341 2593 uni
2395 2536 2657 2594 Vaticano
2703 2551 2879 2606 neque
2937 2534 3029 2589 uni
3085 2532 3388 2588 Barberino
3431 2533 3685 2588 omnino
3735 2534 3817 2587 adl

1206 2622 1357 2680 inter
1379 2639 1441 2681 se
1469 2624 1811 2682 dissidebant
1846 2628 2089 2692 codices,
2132 2627 2285 2682 illum
2314 2625 2654 2697 praetulimus
2679 2638 2924 2690 sensum,
2953 2621 3042 2692 qui
3089 2620 3259 2692 magis
3303 2630 3746 2675 consentaneus
3774 2635 3817 2674 n«

1205 2725 1326 2767 uem
1357 2721 1536 2767 tamen
1593 2716 1938 2770 remittentes
1968 2716 2152 2771 varias
2183 2714 2444 2770 lectiones
2460 2728 2526 2769 ex
2555 2712 2753 2784 quibus
2780 2726 2888 2766 uno
2914 2710 3112 2766 intuitu
3146 2708 3420 2762 videbitur
3452 2707 3507 2761 in
3538 2721 3666 2777 quo
3694 2721 3817 2761 com

1207 2801 1593 2873 manuscripti.
1626 2801 1854 2874 insuper
1885 2803 2168 2860 versiones
2212 2803 2475 2874 quasdam
2507 2800 2814 2856 addidimus
2837 2814 2906 2854 ex
2949 2794 3227 2866 Antipatri
3269 2792 3635 2866 Fragmentis
3673 2809 3707 2849 a
3741 2791 3817 2849 Ni«

1207 2901 1417 2960 relatis.

1278 2988 1435 3048 Nunc
1483 2990 1663 3050 dicere
1699 3002 1951 3064 superest
1983 2994 2052 3051 de
2103 2996 2473 3051 controversia
2502 2994 2571 3050 ab
2604 2991 2818 3050 oudino
2860 2992 3257 3065 excitata-qui
3297 2990 3676 3064 posteriorem
3721 3004 3817 3046 exc

1206 3080 1487 3139 Bostrensi
1515 3086 1816 3150 diversum,
1843 3087 1933 3142 cui
1968 3087 2221 3144 homilias
2251 3090 2531 3157 dequibus
2584 3087 2672 3142 hic
2705 3088 2885 3156 agitur
2935 3082 3178 3138 ascribit.
3218 3080 3447 3137 Ubinam
3470 3093 3613 3149 ergo
3650 3079 3817 3133 iuven

1208 3170 1322 3224 diat
1347 3171 1480 3239 quin
1510 3175 1680 3226 veteri
1710 3175 2004 3250 Antipatro
2035 3175 2344 3228 tribuantur
2390 3175 2472 3228 hae
2516 3173 2786 3229 homiliae?
2817 3170 2969 3226 ntum
2995 3169 3303 3239 loquentem
3335 3166 3633 3221 audiamus
3663 3183 3680 3221 ε
3707 3163 3817 3220 Fu

1216 3254 1457 3329 Virginis
1486 3268 1536 3313 ct
1585 3271 1893 3314 sanctornm
1927 3262 2129 3332 synodo
2172 3263 2404 3316 secunda
2436 3262 2695 3326 Nicoena,
2728 3275 2845 3332 qnoe
2882 3274 3022 3313 anno
3055 3257 3161 3312 78⁷
3194 3256 3454 3311 celebrato
3489 3263 3569 3308 cst
3591 3294 3609 3321 ,
3649 3264 3817 3323 postet

1208 3352 1298 3399 ων
1333 3345 1680 3400 Ιεοηιίἱίαηιηι
1717 3348 1957 3402 collectio
1990 3350 2248 3419 posterior
2290 3360 2366 3403 est
2402 3352 2756 3404 controversia
2802 3349 2867 3402 de
2905 3346 3053 3402 cultu
3093 3348 3388 3416 iinaqimtm
3438 3361 3499 3397 oc
3544 3354 3812 3398 sanctor-tr

1207 3430 1400 3487 Leonis
1439 3432 1622 3487 Isauri
1651 3450 1792 3488 anno
1823 3434 1928 3490 7¹6
1962 3437 2176 3505 incepit,
2209 3447 2366 3506 atquc
2395 3438 2464 3491 od
2499 3438 2775 3502 imperinm
2808 3435 3083 3506 Theophili
3112 3446 3159 3490 et
3190 3449 3388 3488 annum
3428 3433 3536 3487 842
3566 3435 3817 3502 perdura:

1207 3527 1285 3572 tot
1318 3518 1554 3574 teonntioe
1581 3521 1638 3574 in
1670 3517 2144 3577 Proesentationem
2171 3526 2336 3579 bentoe
2380 3522 2608 3596 Virginis
2644 3527 2697 3579 in
2735 3526 2927 3594 tentplo
2957 3535 3005 3578 et
3043 3524 3263 3577 ltontitia
3296 3525 3348 3575 in
3403 3523 3817 3590 Asseeinptionen

1209 3615 1293 3660 tus
1323 3608 1462 3663 cnim
1493 3619 1797 3663 sanctorum
1826 3626 1889 3664 ac
1916 3611 2082 3666 beuta·
2132 3610 2388 3682 Viryinis,
2425 3614 2689 3667 invocatio
2719 3613 2951 3673 illorum,
2985 3613 3248 3667 institutio
3280 3612 3531 3677 festorum
3568 3615 3625 3666 in
3654 3630 3817 3666 corun

1212 3695 1439 3749 Nictrna
1491 3699 1726 3751 secunda
1774 3697 1982 3767 synodo
2019 3700 2178 3768 plane
2223 3703 2540 3756 recentiores
2595 3710 2738 3756 sunt.
2799 3701 2891 3756 Sic
2939 3703 3104 3755 hahet
3138 3700 3404 3754 oudinus.
3466 3698 3780 3754 Fatendum

1211 3794 1318 3838 tam
1349 3785 1591 3841 nefarias
1619 3786 1834 3841 nonnisi
1861 3802 1890 3841 a
1925 3803 2070 3842 caecu
2107 3790 2292 3843 surore
2318 3799 2508 3844 contra
2532 3789 2859 3846 catholicam
2883 3788 3180 3843 Ecclesiam
3202 3789 3364 3855 impie
3390 3787 3719 3844 lascivit-nte
3749 3806 3817 3844 ex

1210 3869 1491 3929 immensa
1518 3876 1783 3929 caecitatis
1810 3885 1959 3930 esset
1986 3877 2076 3946 qui
2110 3891 2214 3931 nou
2251 3879 2478 3932 sentiret
2503 3877 2931 3933 controversiam
2960 3876 3026 3929 de
3057 3875 3202 3928 cultu
3239 3886 3555 3930 sauctorum
3591 3886 3653 3931 et
3681 3876 3817 3947 ima!

1205 3962 1374 4031 quod,
1408 3974 1672 4033 regnante
1716 3962 1901 4018 Leone
1951 3962 2160 4029 isauro,
2211 3979 2382 4019 novus
2439 3964 2617 4020 cultus
2664 3965 3003 4020 introductus
3062 3963 3261 4029 suerit,
3310 3963 3404 4017 sed
3447 3978 3479 4016 e
3529 3975 3731 4019 contra
3787 3981 3817 4019 v

1213 4048 1434 4105 isaurus
1483 4050 1680 4105 bellum
1730 4051 1975 4107 intulerit
2018 4051 2189 4105 cultui
2223 4051 2338 4121 jam
2373 4062 2592 4122 recepto
2638 4062 2693 4106 et
2742 4052 2993 4121 pluribus
3036 4061 3183 4104 retro
3225 4050 3441 4104 saeculis
3475 4052 3812 4122 antiquiori.

1208 4150 1316 4190 non
1349 4146 1492 4192 esset
1520 4138 1612 4207 qui
1645 4140 1715 4194 ob
1747 4140 1888 4193 hauc
1922 4137 2192 4193 rationem
2219 4148 2437 4204 negaret
2474 4138 2555 4194 vel
2587 4139 2883 4203 dubitaret,
2915 4148 3042 4192 aute
3068 4137 3356 4208 septimam
3385 4139 3664 4208 synodum
3699 4141 3812 4197 hab

1205 4224 1355 4278 cultu
1387 4235 1698 4281 sanctorum
1739 4225 1825 4281 vel
1862 4227 2035 4281 beatae
2065 4225 2319 4295 Virginis.
2357 4227 2525 4297 igitur
2557 4227 2756 4283 Oudini
2792 4228 2957 4284 verba
2998 4240 3107 4280 uon
3144 4226 3447 4294 impediunt
3487 4227 3626 4296 quin
3659 4226 3817 4287 Bostt

1210 4310 1517 4367 tribuantur
1549 4314 1789 4369 homilia>
1821 4315 1886 4368 de
1924 4314 2125 4382 ‹ptibus
2158 4329 2339 4367 sermo
2367 4315 2524 4369 nuliis
2553 4326 2656 4372 est.

1275 4402 1382 4459 Sed
1416 4405 1542 4461 licet
1572 4410 1814 4462 rationes
1840 4422 1868 4460 a
1905 4406 2179 4462 Casimiro
2210 4406 2423 4462 Ondino
2451 4409 2651 4476 allatae,
2686 4412 2833 4466 omni
2868 4410 3224 4466 fundamento
3252 4411 3559 4479 destitutae,
3597 4415 3817 4484 ῃεηὼει

1204 4486 1330 4543 ‹titae
1357 4491 1428 4544 ab
1457 4493 1712 4548 omnibus
1739 4493 1973 4548 eruditis
2012 4494 2342 4560 habeantur,
2371 4494 2651 4552 fatendum
2686 4507 2866 4555 tamen
2906 4509 3016 4567 est,
3045 4518 3109 4557 cx
3142 4503 3243 4559 bac
3271 4506 3608 4574 quastione,
3661 4509 3712 4565 si
3743 4510 3817 4563 sul

1204 4578 1445 4644 deretur,
1476 4580 1854 4667 gravissimam
1898 4582 2030 4637 oriri
2062 4582 2456 4639 difficultatem.
2487 4583 2751 4650 Quamvis
2795 4591 2939 4644 euim
2980 4595 3339 4661 profiteamur
3375 4606 3578 4651 omnes
3613 4595 3678 4651 ‘sn

1202 4664 1404 4721 cultum
1438 4679 1752 4725 sanctorum
1781 4674 2071 4730 admisisse
2111 4684 2167 4729 et
2201 4674 2594 4741 celebravisse,
2620 4684 2861 4731 attamen
2903 4679 3068 4733 simul
3099 4678 3420 4748 profitemur
3468 4678 3641 4751 hujus
3669 4685 3817 4743 enin

1203 4759 1316 4806 tum
1352 4751 1545 4811 fuisse.
1577 4755 1670 4812 Sic
1703 4759 1772 4813 ab
1797 4761 2131 4818 incunabilis
2163 4762 2421 4818 Ecclesiae
2466 4765 2854 4833 angustissimo
2888 4765 3248 4820 Eucharistiae
3272 4783 3645 4827 sacramento
3693 4771 3817 4831 casu

1202 4847 1326 4900 tusz
1360 4849 1603 4898 attamen
1634 4845 1954 4902 solemnitas
1980 4851 2241 4916 corporis
2264 4848 2478 4906 Domini
2520 4853 2810 4907 recentiori
2845 4862 3087 4921 tempore
3110 4854 3212 4908 l'uit
3244 4855 3521 4912 instituta.
3549 4859 3749 4920 Fiam
3773 4867 3817 4920 it

1200 4926 1300 5022 ‚vm
1314 4965 1331 4990 ‚
1352 4926 1682 4988 festivitates
1700 4931 2147 4990 Proesentationis
2172 4938 2342 4993 beatoe
2366 4937 2560 4993 Μανία·
2577 4941 2630 4994 in
2648 4939 2860 5010 templo,
2878 4941 2960 4994 vel
2976 4941 3220 5012 Assninpt
3232 4944 3366 4996 iniria
3388 4944 3441 5000 itt
3456 4946 3817 5026 fflm,m

1199 5013 1500 5071 institutas.
1532 5017 1685 5074 Unde
1719 5023 1902 5090 gravis
1930 5024 2107 5079 oritur
2136 5027 2279 5082 ratio
2310 5026 2593 5083 dubitandi
2630 5042 2813 5084 utrum
2843 5029 3097 5085 collectio
3128 5032 3485 5097 limitiliarufian
3509 5036 3817 5096 im]-

1196 5110 1283 5152 tur
1312 5100 1365 5154 in
1399 5098 1887 5165 Proesetitationem
1921 5114 2003 5167 rel
2035 5115 2086 5167 in
2117 5115 2591 5185 Assumptiouem,
2633 5119 2810 5186 reipsa
2840 5120 3190 5187 Antipatrum
3219 5116 3429 5176 habau

1263 5186 1370 5243 Sed
1407 5192 1519 5246 haec
1559 5196 1742 5249 omnia
1788 5199 1922 5253 nihil
1960 5201 2026 5254 ad
2069 5219 2169 5258 nos
2196 5220 2212 5258 2
2241 5218 2367 5257 nam
2402 5219 2470 5259 ex
2504 5207 2717 5261 duabus
2747 5220 2880 5275 quas
2906 5205 3230 5273 subjicimus
3273 5205 3381 5269 1101

1191 5277 1362 5328 sancti
1389 5277 1618 5335 loannis
1641 5281 1898 5352 Baptista·
1920 5290 2106 5343 hahita
2140 5301 2259 5356 est;
2288 5305 2454 5359 porro
2482 5293 2688 5349 nullum
2712 5303 2799 5351 est
2823 5296 3045 5352 dubium
3063 5297 3196 5367 quin
3223 5294 3357 5353 seht

1184 5373 1289 5428 pus
1319 5370 1677 5424 antecesserit
1706 5371 1760 5426 in
1792 5372 2036 5432 Ecclesia
2070 5378 2185 5435 sive
2219 5375 2412 5436 Graeca
2441 5382 2556 5438 sive
2590 5381 2810 5442 Latina.
2844 5383 3128 5443 Posterior
3157 5386 3340 5445 vero!

1260 5539 1337 5615 (5)
1382 5543 1627 5603 matriae
1653 5550 1722 5631 aa
1753 5549 2076 5607 Simeonem
2113 5558 2631 5628 serious,021g.ss›.
2723 5607 2734 5617 .
2966 5564 3043 5633 (a)
3090 5562 3208 5623 vot.
3237 5526 3314 5621 ις’

1264 5616 1344 5692 li)
1385 5617 1547 5678 Cutil.
1581 5620 1754 5678 Gutll.
1783 5620 1935 5679 Came
1961 5626 2032 5679 ad
2055 5640 2190 5681 auu.
2214 5628 2348 5680 bbb.
