3817 6075
1430 125 1436 164 i

155 245 1772 313 Μ

785 444 873 489 ANNO
895 444 1012 492 nollunt
1033 444 1150 492 colvm

338 667 970 857 annuamus
1033 671 1595 932 nrauonos·

808 1147 1111 1274 NOTITIA

525 1392 676 1463 tonnano,
694 1394 811 1448 l'sterttm
831 1395 937 1446 Putrem
949 1391 1075 1457 biblioth,
1088 1401 1146 1447 ton.
1167 1396 1196 1460 x,
1215 1398 1327 1466 Proleg,
1344 1416 1369 1464 p.
1388 1405 1435 1468 ιι.)

173 1719 198 1775 l.
213 1713 361 1774 Euthalins
377 1713 615 1790 genteAEgyptios
640 1716 738 1785 luisse,
757 1728 806 1775 aut
826 1721 922 1777 saltem
947 1720 976 1776 in
998 1719 1116 1795 AEgypto
1135 1721 1218 1780 ritum
1243 1723 1354 1782 duxisse
1372 1734 1455 1798 atque
1479 1726 1623 1800 scripsisse
1649 1730 1777 1806 ridetur;

140 1827 242 1900 quippe
259 1826 306 1899 qui
325 1840 379 1882 aera
393 1823 581 1881 Diocletianca
595 1823 731 1899 AEgyptiis
746 1826 856 1896 usitata,
872 1828 939 1900 quin
953 1836 982 1884 et
998 1828 1102 1884 mensis
1120 1827 1274 1903 AEgyptiaei
1290 1830 1432 1888 notatione
1454 1848 1523 1905 opus
1543 1850 1559 1890 a
1580 1850 1611 1891 se
1629 1835 1780 1897 elucubra-

141 1946 200 1991 tum
213 1935 358 2005 consignet
372 1931 416 1988 bis
429 1930 522 1988 uerbis
536 1930 574 2004 (a)
589 1950 597 1987 r
617 1931 714 2003 Ἐπιφὶ
728 1931 760 1999 t',
769 1932 960 1990 Διοκλετιανοῦ
974 1932 1038 2007 pud,
1055 1932 1083 1989 id
1098 1933 1260 2005 est,1t'pipbi
1275 1936 1317 1992 dit
1331 1951 1347 1990 u
1363 1936 1440 2010 (siue,
1455 1939 1527 2007 opud
1541 1938 1687 2010 nonaum,
1701 1944 1779 2001 tertis

140 2035 204 2094 Kal.
219 2037 296 2103 lolii,
311 2044 341 2091 ut
352 2049 415 2091 mox
429 2033 525 2090 scribit
535 2033 839 2110 idcmEutbalioslbD,
850 2035 1011 2102 Diocletiani
1021 2054 1092 2094 anno
1102 2053 1211 2105 curam,
1227 2040 1285 2097 siue
1299 2056 1373 2098 anno
1386 2040 1489 2098 Christi
1500 2042 1564 2100 tha.
1580 2042 1669 2103 l’orro
1684 2048 1779 2106 diaco·-

140 2158 218 2210 nnm,
233 2157 284 2199 seu
295 2140 388 2213 potins
410 2138 638 2195 archidiaconum
657 2139 744 2197 luisse
760 2140 923 2212 scriptorem
935 2152 1072 2210 nostrum,
1088 2143 1256 2203 ethioclesiae
1279 2147 1389 2217 quidem
1418 2148 1620 2218 Alexandrinae,
1637 2153 1686 2224 qni
1710 2169 1775 2211 curn

137 2250 288 2306 Athanasio
304 2247 428 2319 ejusdcm
443 2244 574 2302 Ecclesia
586 2246 756 2319 presbytero,
773 2261 846 2303 anno
864 2248 928 2315 lbi,
940 2248 1160 2307 chalcedonensi
1182 2251 1298 2308 concilio
1320 2252 1486 2320 interfuerit,
1503 2264 1578 2313 extra
1598 2258 1779 2317 dubitationis

137 2358 226 2414 duam
241 2356 361 2427 positum
387 2358 450 2425 post
471 2351 656 2409 Wetstcninm
672 2351 706 2424 (c)
723 2352 913 2411 existimamus
931 2372 939 2411 r
954 2358 1082 2427 quamvis
1095 2360 1177 2415 aliter
1191 2360 1281 2416 uisum
1294 2360 1421 2418 Fabricio
1433 2364 1484 2434 (d).
1497 2363 1525 2422 ld
1538 2366 1611 2421 onim
1625 2368 1695 2425 satis
1709 2384 1777 2426 con-

136 2471 191 2518 stat
206 2478 239 2517 er
255 2457 330 2515 Actis
343 2458 467 2529 ejusdem
481 2455 576 2528 synodi
585 2453 819 2513 Chalcedonensis
832 2456 879 2531 (el,
891 2459 1127 2535 confirmaturque
1138 2464 1270 2536 temporis
1283 2466 1426 2523 notatione
1439 2483 1494 2540 quo
1502 2471 1612 2542 scripsit
1622 2471 1775 2532 Euthalios.

137 2568 206 2624 llinc
220 2582 287 2624 uero
301 2574 433 2639 praterea
448 2564 512 2635 inre
524 2561 630 2635 optimo
644 2563 707 2635 quis
723 2572 819 2638 arguat
828 2580 894 2621 cum
909 2565 1008 2622 eodem
1023 2565 1180 2625 Wetstenio
1192 2570 1237 2643 (0,
1249 2584 1332 2626 secus
1346 2579 1428 2641 atque
1446 2572 1550 2629 duxere
1567 2573 1723 2648 zacagnius
1736 2579 1775 2650 (g)

135 2676 235 2747 aliique
251 2674 342 2746 ipsum
365 2670 462 2737 secuti,
483 2668 665 2725 Athanasium
689 2668 777 2737 illum,
790 2670 834 2727 cui
847 2669 994 2728 Eutbalius
1007 2671 1159 2761 editionem
1179 2675 1298 2730 Actuum
1311 2674 1498 2745 apostolorum
1513 2679 1696 2750 nuncuparit,
1719 2696 1773 2736 nco

135 2782 222 2836 luisse
237 2775 418 2834 Athanasium
433 2773 584 2844 juniorem,
594 2774 642 2844 qui
653 2772 782 2831 Ecclesia
796 2773 988 2832 Alexandrina
1000 2777 1094 2833 sedem
1110 2778 1293 2851 episcopalem
1317 2778 1438 2836 obtinuit
1451 2796 1523 2837 anno
1537 2781 1599 2849 too,
1615 2783 1653 2839 ab
1666 2784 1776 2841 hered-

132 2889 176 2945 cis
192 2885 323 2944 haeretico
339 2884 420 2939 Petro
431 2880 529 2955 hungo
544 2880 686 2949 suffectus,
701 2883 798 2954 etipse
811 2884 922 2955 quidem
933 2884 1081 2942 haereticus
1093 2884 1159 2941 :scd
1172 2885 1265 2955 potius
1280 2885 1459 2941 Athanasium
1472 2887 1674 2960 presbyterum,
1684 2889 1773 2963 cyrilli

134 2992 298 3068 patriarcha
309 2989 485 3047 Alexandrini
501 3005 534 3046 ex
553 2999 799 3062 sororenepotem,
816 3006 831 3047 a
848 2988 981 3048 Dioscoru
994 3005 1045 3062 per
1055 2997 1118 3047 octo
1137 2989 1211 3061 ipsos
1223 3005 1312 3047 annus
1324 2999 1463 3060 uenatum,
1483 3002 1513 3048 ιιι
1525 3008 1557 3049 er
1573 2993 1668 3053 libello
1677 2996 1711 3052 ab
1725 3011 1773 3056 oo·

136 3103 199 3160 dem
210 3098 362 3159 Athanasio
377 3097 505 3155 Patribus
521 3095 794 3154 chalcedonensibus
805 3097 898 3157 oblato
911 3104 1081 3168 compertum
1095 3095 1230 3153 babemus
1245 3096 1283 3170 (A)
1302 3115 1309 3151 ε
1326 3097 1408 3168 idque
1424 3099 1525 3157 clarius
1539 3100 1632 3160 adbuc
1644 3119 1709 3161 tnox
1727 3103 1776 3162 dc·

136 3206 359 3265 monstrabimus

170 3343 205 3398 ll.
221 3343 310 3412 Atque
328 3335 486 3410 hujusmodl
499 3349 566 3392 sane
579 3335 718 3392 sententia
731 3333 873 3391 nonnullis
886 3331 1057 3406 argumentis
1069 3331 1224 3389 conflrmari
1234 3347 1315 3404 posse
1327 3333 1445 3390 ridetur.
1461 3333 1583 3390 Primum
1596 3337 1674 3394 enim
1690 3346 1775 3396 testa·

134 3458 181 3506 tur
194 3445 346 3519 zacagnius
365 3444 408 3517 (i),
425 3442 519 3515 operis
531 3441 739 3513 inscriptionem
752 3456 833 3511 qtram
847 3438 969 3506 exbibet,
980 3437 1027 3493 ubi
1042 3438 1217 3510 episcopatus
1226 3454 1289 3495 cum
1299 3438 1417 3515 Both-alii
1435 3448 1492 3496 turn
1504 3441 1646 3498 Athanasii
1658 3444 1775 3501 Alexan-

134 3554 209 3612 drini
225 3551 331 3608 mentio
349 3550 475 3616 habetur,
493 3563 578 3604 unum
599 3544 917 3620 hegio-Alexandrinum
937 3543 1078 3613 exemplar
1094 3558 1151 3615 pra
1162 3560 1192 3601 se
1208 3544 1280 3602 ferre
1296 3562 1304 3614 ;
1320 3561 1380 3618 qua
1390 3555 1481 3604 utinen
1492 3547 1520 3604 in
1535 3549 1669 3608 l'aticano
1681 3552 1774 3610 codiee

135 3675 213 3716 num.
228 3658 281 3714 not
298 3657 337 3712 ita
353 3654 515 3726 simpliciter
529 3651 655 3719 effertur,
683 3650 817 3706 Ebdaltcu
837 3650 963 3707 διακόνου
976 3648 1110 3722 πρόλογος
1132 3650 1188 3705 τῶν
1212 3651 1355 3724 liptinas.
1368 3650 1441 3719 Quin
1454 3652 1518 3709 abbi
1538 3670 1651 3729 quoque
1677 3659 1773 3717 asserit

134 3765 261 3821 laudatus
276 3760 365 3820 editor
376 3758 424 3833 (j),
439 3755 567 3816 eumdem
588 3755 712 3813 codicem
729 3753 903 3824 Vaticanum,
918 3755 994 3812 nulla
1017 3753 1194 3812 distinctione
1207 3756 1339 3825 adhibita,
1359 3755 1490 3842 liutbalin
1510 3758 1629 3818 diacono
1652 3763 1771 3821 tribuae

134 3883 306 3945 quaecunque
326 3863 438 3938 scripsit
451 3873 547 3920 nouer
562 3870 671 3928 auctor,
697 3861 824 3933 nuspiam
836 3860 910 3917 illins
926 3861 1100 3932 episcopatos
1119 3859 1260 3917 mentione
1282 3861 1392 3934 iniecto.
1408 3861 1503 3936 Neque
1515 3865 1596 3922 aliter
1607 3868 1700 3925 canrt
1718 3882 1766 3923 co·

130 3976 219 4044 dices,
232 3974 285 4031 nisi
299 3972 374 4046 quad
387 3972 415 4027 in
427 3970 461 4027 iis
471 3984 573 4026 nomen
588 3977 696 4025 tanturn
710 3967 830 4024 auctoris
844 3965 1076 4040 pretermittitur.
1088 3963 1150 4031 Quo
1163 3964 1273 4035 quidem
1289 3964 1316 4020 in
1330 3965 1444 4038 prologo
1455 3968 1651 4025 amicissimus
1660 3970 1763 4042 [rrum

133 4080 321 4146 Athanasium,
336 4077 527 4150 presbyterum
549 4073 666 4141 scilicet,
685 4072 833 4145 compellat
858 4071 1004 4128 Eutbalius
1024 4069 1074 4143 (l),
1088 4069 1205 4141 ipsemet
1218 4069 1350 4126 diaconus
1376 4085 1425 4126 seu
1441 4070 1532 4142 potius
1555 4073 1770 4143 archidiaconus,

129 4184 373 4258 quemadmodum,
390 4190 420 4238 ut
443 4180 524 4253 paulo
545 4187 610 4236 ante
626 4178 779 4245 innuimus,
795 4177 822 4233 in
838 4177 934 4251 synodi
951 4179 1183 4237 Chalcedonensis
1199 4177 1275 4235 Actis
1298 4189 1411 4235 uocatur
1435 4179 1478 4251 (i).
1502 4171 1615 4246 Deinde',
1634 4189 1665 4236 ut
1678 4179 1771 4237 verbis

133 4301 196 4348 utar
210 4290 311 4346 lartdati
320 4285 468 4343 Wetstenii
478 4285 540 4358 (m),
557 4283 746 4339 «Athanasius
759 4284 902 4355 presbyter
917 4266 1117 4340 Alexandrinus
1132 4285 1159 4340 in
1174 4301 1222 4340 sua
1234 4284 1348 4357 Spnnpri
1358 4301 1441 4342 sucro
1454 4283 1599 4356 Scriptura
1607 4268 1766 4358 &umque

133 4395 170 4453 ad
186 4393 300 4451 uerbum
312 4391 409 4448 eadem
421 4388 522 4459 repetit
538 4403 599 4458 quae
611 4384 756 4442 Eutbalius
775 4397 942 4458 exposuerat
958 4412 965 4444 2
989 4397 1020 4443 ut
1040 4397 1187 4460 propterea
1205 4403 1269 4445 eum
1287 4405 1338 4460 pro
1356 4391 1453 4446 eodem
1473 4389 1533 4461 ipso
1548 4386 1704 4462 presbytero
1719 4388 1769 4445 cui

133 4498 279 4559 nuthdtus
290 4496 421 4570 prologos
437 4507 503 4551 suos
516 4490 668 4561 inscripsit,
684 4490 874 4545 indubitanter
896 4491 1059 4551 habeamus.
1079 4513 1090 4548 r
1111 4493 1179 4562 Quis
1201 4495 1319 4566 denique
1339 4495 1390 4551 sibi
1401 4496 1582 4566 [persuadeat.
1596 4495 1771 4562 Euthalium,

134 4605 181 4681 qui
192 4619 266 4663 anno
281 4601 334 4660 tas
352 4598 432 4656 Pauli
448 4597 583 4670 Epistulas
606 4595 782 4662 lectionibus,
797 4595 970 4667 capitulisac
983 4580 1127 4657 uersiculis
1146 4600 1282 4667 distinxit,
1299 4610 1362 4671 post
1375 4616 1479 4656 annum
1501 4601 1613 4656 demum
1634 4602 1699 4665 lod,
1716 4617 1771 4672 quo

133 4709 300 4769 Athanasius
310 4707 405 4781 iunior
415 4704 605 4776 pennocatnn
618 4700 837 4758 Alexandrinum
852 4704 985 4776 suscepit,
1001 4704 1222 4761 annisnimirnm
1233 4706 1334 4776 anjam
1349 4706 1460 4776 elapsis,
1471 4706 1597 4762 eamdent
1608 4720 1725 4778 operam
1743 4706 1771 4761 ln

133 4818 293 4876 recensione
304 4818 420 4872 Amnum
432 4810 617 4886 apostolorum
628 4808 763 4882 posuisse,
775 4824 859 4882 quam
874 4810 988 4882 ipsemet
1000 4811 1149 4867 Athanasio
1164 4812 1284 4882 pontiflci
1300 4812 1430 4883 deinceps
1441 4813 1627 4884 nuncuparit?

169 4925 213 4982 ttl.
230 4924 310 4992 Quid,
322 4921 395 4994 quod
412 4921 530 4992 ipsomet
540 4916 682 5006 lintbalius
698 4913 733 4973 de
747 4932 800 4974 suo
817 4915 914 4974 dotitio
926 4914 1052 4974 Sulcensi
1068 4915 1227 4986 episcopatu
1249 4916 1479 4987 conjectationem
1496 4916 1610 4973 omnino
1623 4915 1770 4975 exsufflati

172 5145 198 5216 lo
226 5142 296 5198 inira
314 5145 366 5200 cul.
381 5143 439 5210 lttt
460 5142 526 5199 edit.
538 5154 604 5196 aero
621 5138 717 5209 lacag.
733 5151 794 5209 pag.
812 5137 875 5231 bol.
1012 5135 1049 5257 (g)
1066 5134 1176 5189 Pralat.
1196 5135 1229 5188 ad
1246 5134 1354 5189 dullart.
1368 5139 1499 5202 Maurum,
1516 5152 1577 5208 pag.
1592 5153 1667 5195 srtr.

172 5216 197 5282 (ι
222 5211 291 5267 thid.
308 5214 326 5267 1,
339 5213 386 5267 cin.
1010 5209 1019 5274 l
1038 5209 1046 5274 )
1071 5204 1155 5259 Cone.
1174 5203 1270 5260 Chalc.
1292 5213 1345 5260 act.
1365 5221 1410 5270 ιιι,
1429 5218 1497 5263 ιοιιι.·
1510 5206 1554 5272 tv,
1570 5223 1632 5281 pag.
1646 5209 1715 5268 last
1732 5210 1765 5267 n.

171 5284 205 5347 (ct
220 5279 366 5343 wetsten..
380 5280 531 5350 Prulcgom.
543 5276 575 5332 ad
590 5273 623 5331 N.
639 5274 714 5331 Test.
737 5274 796 5340 Gr,
811 5289 872 5344 pag.
886 5273 921 5327 75
973 5283 1002 5328 et
1018 5274 1087 5329 1289
1102 5275 1132 5327 A.
1147 5274 1213 5328 edit.
1226 5272 1400 5331 Vcn.·l.abb.

135 5348 491 5406 crassatusmsatisr.
1012 5343 1197 5412 tillufucol·
1217 5343 1397 5409 dannot-t.

173 5415 211 5487 (d)
229 5414 297 5469 Bibl.
315 5418 361 5472 Gr.
376 5429 441 5474 tom.
459 5416 526 5482 llll,
542 5428 603 5484 pag.
621 5411 682 5466 569·
1010 5415 1048 5481 (j)
1067 5412 1176 5466 Praelnt.
1192 5413 1225 5467 ad
1239 5412 1347 5469 delicet.
1362 5415 1492 5482 honum,
1506 5432 1568 5488 pag.
1581 5434 1655 5478 urs.

173 5489 207 5552 (e)
223 5484 283 5536 Act.
300 5498 342 5548 nr,
356 5495 422 5540 tum.
441 5485 487 5553 tt,
503 5499 580 5556 pagg.
598 5482 662 5536 stul
683 5487 711 5535 et
727 5480 793 5536 ibib
811 5479 840 5535 B.
854 5481 920 5535 edit.
1011 5481 1048 5545 tir)
1070 5480 1142 5535 inira
1157 5481 1208 5535 col.
1223 5482 1286 5536 obl.

137 5551 310 5611 Vera-labb.
1024 5552 1042 5619 l)
1055 5550 1138 5604 Cone.
1154 5551 1246 5606 Chalc.
1266 5552 1284 5606 Ι.
1300 5570 1336 5620 c.,
1350 5570 1412 5627 pag.
1431 5554 1499 5610 ibib
1513 5554 1544 5611 B.

172 5624 205 5696 (0
221 5622 252 5678 l..
266 5634 292 5675 o.
307 5636 367 5692 pag.
380 5620 413 5673 iii
1025 5627 1059 5690 orl
1076 5620 1106 5675 b.
1123 5637 1147 5677 c.
1163 5636 1222 5693 pag.
1245 5622 1286 5678 lo.
