3817 6075
145 266 198 334 549
689 254 737 314 DE
756 254 842 313 t'ITa
861 253 890 311 S.
909 248 1066 310 THECLAE
1084 245 1147 307 ΗΒ
1177 243 1202 303 I.
1718 240 1771 309 550

145 377 270 449 καρύας,
289 371 336 427 καὶ
356 371 404 441 τῆς
430 364 584 439 ΙΓρυραλνης
599 364 666 432 ὅλης
687 365 726 425 εἰς
748 362 834 432 αὐτὴν
851 376 933 429 κεχηι
949 370 970 419 a
984 356 1091 417 hahuit,
1103 354 1212 408 Christo
1236 350 1405 413 concilieult,
1422 357 1449 404 et
1460 364 1509 420 per
1527 349 1693 419 atquecnlrtm
1710 356 1771 409 alho

143 467 223 534 νυῑας
236 461 373 535 τῷ“πόθῳ
389 458 437 513 καὶ
451 454 672 525 αναφλεγομένης
691 454 744 517 ἀεὶ,
760 451 800 505 ἔτι
816 453 869 521 μὴν
886 451 932 501 καὶ
985 452 1068 517 ipsius
1092 449 1190 502 milites
1225 447 1360 516 ascripsit.
1377 445 1463 500 Tanta
1478 456 1567 501 arrtent
1585 460 1646 501 carn
1663 455 1771 515 propter

142 556 197 627 τῆς
222 555 326 617 reatem
349 548 541 623 perterruere
563 537 632 617 αὐτῇ
654 543 684 596 τὸ
705 543 783 606 κλέος
799 542 931 614 ἐχούσης,
985 539 1112 593 Theclam
1135 538 1226 591 lustitia
1248 547 1332 600 esset,
1347 546 1375 591 ct
1397 536 1547 606 Tryphaena
1572 546 1629 591 toto
1642 538 1669 590 in
1683 536 1769 605 ipsam

144 650 222 719 ὅμως
246 648 264 717 η
290 638 544 715 pdpru;lrellr'1rrcr
568 636 614 690 rea
639 634 755 698 Παῦλον,
777 633 823 687 καλ
845 633 932 696 οῦΰελς
984 627 1265 687 autenrtotnrtanirni
1285 625 1403 681 lerrctur
1416 625 1524 689 ellectu,
1538 627 1649 697 ipsaque
1671 626 1768 681 ciritae

144 737 240 809 ἕτερος
262 732 296 808 ἦν
311 734 380 804 αὐτῆ
399 730 489 799 λόγος,
512 727 571 782 ἀλλ’
591 725 608 797 η
630 724 745 787 Παῦλος.
759 724 824 788 liet,
845 741 854 775 t
877 721 932 775 Ποῦ
985 717 1164 790 rnaguoillanr
1174 717 1225 772 sihi
1238 717 1335 772 ltortdli
1344 730 1404 772 csse
1415 716 1526 771 duceret
1540 734 1547 770 ε
1562 725 1666 788 martyr
1676 728 1766 773 tantan

146 828 291 894 Παῦλοςςι
308 824 364 891 καλ,
382 822 453 885 «Τίς
464 820 519 891 ἄρα
537 815 724 888 καταρηνύσει
738 832 782 886 μοι
790 812 933 874 τοῦτον,ὃν
974 812 1050 867 'rriltil
1062 825 1137 879 aeque
1154 824 1185 864 ac
1202 808 1314 864 Paulum
1333 810 1520 875 desiderabat,
1532 808 1622 863 nttllns
1638 810 1689 880 ipsi
1717 810 1768 865 nisi

147 917 272 992 ηγιρόνα
289 932 335 987 pot
348 913 396 968 καλ
417 909 581 983 qpcorilpo¹
606 906 656 979 τῆς
682 905 741 959 κατ’
758 904 839 959 αὐτὸν
856 903 933 956 πολι·
984 906 1018 959 de
1042 902 1126 957 Panlo
1149 917 1281 960 sertum«
1308 903 1342 958 Et
1371 902 1427 967 uhi,
1452 899 1548 970 inquit,
1572 899 1770 971 Pettluslquis

145 1005 288 1071 τείαςκσλ
307 1001 426 1066 πίστεως
442 998 584 1055 aeneos
602 997 733 1069 Χριστός;
754 993 932 1064 ιοΰτεγὰρ,
985 996 1051 1049 inihi
1082 994 1155 1048 illurn
1184 992 1420 1056 comruonstrehit,
1447 990 1674 1061 quemchristus
1704 994 1768 1047 ntihi

147 1093 358 1166 decoloratae<
375 1092 427 1164 ηδη
442 1092 489 1146 καλ
502 1088 608 1155 ἔνδοξος
629 1083 933 1159 superetnesuperetne
984 1086 1079 1140 ducem
1095 1083 1159 1138 lidei
1170 1083 1254 1147 dedit,
1268 1089 1461 1150 auctoremque
1477 1083 1585 1136 vitaer
1602 1082 1688 1152 ipsius
1699 1096 1767 1152 prc-

146 1188 289 1261 γιγσνσῐα,
306 1182 468 1255 κατεφρόνει
490 1178 537 1234 τοῦ
558 1176 718 1233 διδασκάλου
738 1174 846 1229 λοιπόν·
864 1171 935 1238 ἐξελ·
984 1175 1086 1245 scriptu
1100 1172 1293 1229 moderandae?
1305 1170 1397 1240 Neque
1410 1171 1494 1238 enirn,
1506 1172 1765 1243 quodiantglorianr

146 1296 213 1353 γιτσ
233 1277 263 1334 Aa
283 1276 323 1330 ira
341 1274 452 1347 μᾶλλον,
478 1268 584 1325 reddes
608 1269 677 1340 αὐτῇ
703 1266 789 1321 ταῦτα
817 1264 934 1337 μάλιστα
985 1279 1138 1335 nomenque
1163 1279 1196 1337 ea
1227 1262 1365 1319 miraculis
1390 1266 1486 1333 adepta
1510 1272 1594 1329 esset,
1610 1264 1767 1332 magistrata

149 1368 336 1443 ιιροσγλγονεν
359 1362 497 1425 ἐννοοῦσα,
528 1362 545 1432 ὴ
572 1359 708 1424 τιλσιις,ὁ
728 1356 852 1428 βίος,τλ
868 1354 933 1409 eet·
984 1371 1062 1413 suum
1091 1356 1204 1411 minoris
1228 1354 1360 1420 iaciebat;
1378 1355 1425 1409 sed
1437 1363 1542 1421 contre,
1556 1356 1641 1425 magis
1661 1369 1695 1409 ea
1710 1355 1768 1424 ipso

150 1473 236 1531 ματα,
256 1455 288 1509 τὸ
304 1452 334 1507 dl
355 1450 447 1524 μεῖζον
468 1449 516 1505 καλ
539 1448 771 1521 περικλεέστσρον,
791 1445 821 1499 τὸ
844 1447 932 1516 depo·
984 1445 1178 1517 dependebat:
1196 1455 1251 1500 turn
1272 1445 1343 1514 qnod
1366 1443 1416 1498 sihi
1438 1445 1547 1500 conscia
1570 1455 1652 1513 esset,
1665 1445 1722 1500 hac
1739 1460 1768 1502 se

149 1548 248 1618 σθῆναι
259 1546 329 1609 ὅλως
346 1544 394 1598 καλ
407 1540 573 1612 συνοφθῆναι
593 1537 711 1610 Χριστῷ.
735 1555 744 1589 ι
760 1535 813 1591 Τοῦ
836 1534 891 1605 γὰρ
902 1535 933 1589 rh
984 1537 1059 1594 illius
1076 1536 1246 1606 potissimum
1266 1548 1347 1606 opere
1364 1534 1552 1604 acquisivisse,
1568 1535 1658 1598 dalem,
1672 1535 1767 1600 citata,

150 1637 262 1710 σπέρμα
281 1634 497 1706 παρεσχηκότος,
525 1630 575 1686 καὶ
599 1632 634 1683 τὰ
660 1628 729 1700 μετὰ
754 1626 840 1682 ταῦτα
861 1628 934 1695 lert·-
986 1627 1136 1685 miracula:
1153 1637 1220 1689 ttttrt,
1237 1626 1309 1696 qued
1331 1624 1470 1693 natusest
1484 1625 1766 1696 erqtortoshrs,quod

149 1728 268 1783 eries.»
300 1723 379 1779 (ihre
401 1722 430 1776 δλ
458 1717 742 1791 πολυπραγμονούσης
769 1716 854 1786 αὐτῆς
886 1694 1095 1774 καλΒθΙνιὶσιο
1110 1717 1291 1788 pereundam
1301 1715 1498 1782 conciliate,ac
1518 1731 1630 1787 prorsus
1645 1717 1768 1786 copulata

149 1813 339 1885 emcqeodoqc
353 1808 502 1882 ῑπιμελῶτ,
516 1808 719 1877 ἀπαγγέλλεται
734 1799 804 1859 εἶναι
814 1804 885 1858 κατὰ
898 1801 934 1857 τὰ
986 1808 1119 1867 luisses«
1141 1807 1209 1862 Nam
1224 1808 1258 1862 ed
1276 1822 1350 1873 cunr,
1366 1807 1411 1876 qui
1435 1821 1527 1863 semen
1547 1807 1673 1877 prebuit,
1686 1808 1769 1863 etiem

149 1907 232 1979 ldt'rpa
247 1901 396 1966 ὁΙΙαῦλσς·
413 1900 464 1972 τῆς
478 1901 581 1963 Δυκίας
595 1900 623 1953 δέ
636 1901 709 1953 ἐστιν
722 1897 791 1968 αῦτη
810 1895 933 1967 βελτίστη
987 1900 1042 1953 neti
1058 1913 1092 1953 ea
1117 1897 1164 1952 illo
1181 1896 1285 1951 hactus
1299 1895 1452 1952 referendi.
1475 1915 1485 1950 a
1516 1897 1640 1967 Cumque
1655 1899 1690 1952 ite
1718 1915 1768 1954 an·

148 1987 199 2052 sel
219 1991 387 2066 φαιδροτάτη
408 1991 501 2054 πόλις·
516 1990 640 2061 μαθοῦσα
664 1990 703 2055 δὲ,
720 1992 767 2044 καὶ
789 1990 856 2062 μηδὲ
871 1991 933 2043 ὅσον
987 1989 1032 2044 aie
1062 2002 1095 2043 ac
1107 1988 1228 2043 studiose
1246 1987 1280 2042 de
1294 1985 1377 2043 Paulo
1396 1988 1533 2044 laboraret
1556 1989 1768 2060 inquireretque,

148 2081 468 2155 ακῦαλλσρένη,γέξεισι
492 2080 542 2152 μὲν
555 2084 605 2152 τῆς
630 2080 805 2152 Ἀντιοχείας,
823 2080 890 2151 πρὸς
904 2080 934 2133 τὸ
987 2080 1254 2153 llyris,urhehyciae
1268 2080 1449 2151 pulcherrime
1471 2092 1553 2152 atque
1569 2084 1766 2148 amenissima,

149 2175 350 2250 ἀνδρικώτερον
364 2172 609 2245 ροισμιιισχσμένη
624 2170 718 2238 πάλιν,
735 2172 806 2225 ὥστε
818 2169 933 2243 catepa-
986 2188 1047 2228 esse
1072 2172 1245 2227 reourrtiatur
1266 2190 1273 2226 :
1292 2186 1346 2241 quo
1368 2170 1516 2238 intellecto,
1544 2174 1611 2228 nihil
1632 2181 1771 2241 cunctare,
1867 2157 1880 2170 ’

150 2282 233 2321 τυτειν
256 2262 297 2334 τῷ
319 2264 439 2334 σχήματι
457 2261 506 2332 τὴν
528 2260 735 2331 ὲπιλάμτιουσαν
757 2261 829 2331 ὥραν
850 2262 932 2331 αὐτῇ.
987 2260 1131 2317 Antiochia
1148 2260 1360 2331 egreditur,riri
1388 2262 1416 2316 in
1446 2264 1553 2317 modurn
1572 2278 1680 2319 rursum
1706 2263 1772 2319 arni·

151 2357 211 2416 Kal
223 2355 281 2429 γὰρ
290 2354 368 2409 οὐδὲν
382 2353 437 2407 τῶν
449 2349 585 2406 τοσούτων
596 2351 690 2440 κακοῦν
706 2350 815 2423 ἴσχυσεν
830 2350 935 2421 ὰχλυιῦ-
988 2363 1031 2407 cta
1050 2350 1107 2423 (lh)
1117 2393 1125 2419 ,
1137 2366 1191 2422 quo
1205 2350 1319 2407 [ormana
1332 2351 1359 2406 irt
1373 2365 1402 2408 sc
1415 2352 1612 2410 elucescentem
1625 2369 1659 2411 ee
1673 2356 1767 2412 habilia

187 2466 442 2547 ’ΜΗ
751 2538 854 2598 ruant
874 2541 1148 2601 emarnrsorrs.

157 2667 226 2723 liutn
245 2664 278 2721 ad
292 2663 371 2719 ildent
392 2661 568 2718 conversione
594 2659 665 2716 Deus
680 2670 785 2731 qretunr
805 2663 855 2717 sihi
874 2677 936 2721 csse
985 2680 1037 2733 quc
1054 2663 1167 2718 nictatio
1179 2675 1212 2716 ea
1227 2672 1320 2719 natura
1336 2678 1384 2719 sue
1399 2678 1485 2732 neque
1499 2665 1568 2720 hone
1584 2679 1673 2735 neque
1685 2668 1767 2735 tnele,

159 2732 307 2792 naauileate'
320 2733 450 2787 ostendit.
475 2731 563 2800 Atque
580 2731 632 2785 hoc
653 2740 731 2799 pacto
748 2730 827 2787 lacile
851 2734 935 2788 etiarn
985 2737 1033 2789 sed
1056 2732 1135 2801 plene
1154 2733 1299 2803 ἀδιάφορος
1320 2735 1366 2799 sit,
1388 2734 1499 2790 ntinime
1521 2735 1693 2789 dubitandum
1728 2748 1771 2793 esc

155 2803 330 2859 concilianda
341 2800 512 2864 Tertulliani,
532 2800 686 2868 Epiphanii,
707 2808 736 2853 et
750 2800 857 2855 concilii
869 2799 936 2856 Car·
985 2804 1050 2873 quin
1067 2819 1116 2873 pro
1133 2804 1294 2857 necessitate
1315 2813 1361 2856 eut
1380 2803 1476 2871 insigni
1502 2804 1628 2872 qnepiarn
1650 2804 1769 2862 utilitate

157 2873 326 2945 tbapiaensis
337 2872 437 2941 quarti,
452 2871 506 2922 rim
523 2870 640 2937 alioqui,
657 2878 686 2942 ut
707 2869 856 2928 sitiebatur.
874 2871 936 2927 lanio
985 2888 1045 2927 eam
1061 2876 1186 2926 inducere
1206 2871 1247 2927 las
1263 2871 1306 2926 sit.
1321 2872 1355 2927 Et
1368 2886 1433 2926 serre
1454 2887 1506 2927 non
1521 2871 1600 2925 aliter
1624 2872 1768 2929 Tertullia-

155 2943 196 2999 rei
222 2939 352 2997 decentes
373 2938 532 2995 sententias.
556 2936 649 3006 Neque
672 2951 735 2992 rere
760 2939 816 2992 sola
837 2936 939 2995 Thecle
986 2940 1314 3007 uus,lih.l)espeetoenlia
1328 2956 1353 2999 c.
1366 2940 1448 3003 dhet
1461 2942 1493 2995 Ι).
1509 2941 1672 3012 Cyprianus,
1686 2944 1767 3013 epist.
1847 2932 1853 2955 ¹

154 3014 233 3069 lrrrnc
246 3009 492 3080 docendicarnpum
509 3008 628 3078 inpressa
644 3016 702 3071 est;
720 3005 819 3061 lecitet
831 3006 937 3065 llartha
985 3010 1018 3065 ed
1043 3009 1200 3065 litterarium
1220 3012 1254 3065 de
1282 3011 1413 3065 histrione
1437 3011 1620 3080 reprehendit,
1639 3026 1721 3081 quam
1744 3013 1770 3070 si

153 3079 366 3138 Hersiliensiurn
382 3078 510 3147 magistra
528 3095 534 3130 :
550 3076 613 3131 lecit
626 3075 783 3140 catharine,
805 3080 937 3148 quinqua·
987 3081 1013 3133 in
1029 3095 1057 3132 re
1072 3081 1141 3144 turpi
1155 3090 1182 3133 et
1199 3082 1232 3132 art
1255 3081 1409 3150 hypocrisin
1431 3081 1600 3136 adhiheatur.
1621 3080 1704 3137 seete
1719 3083 1770 3153 igi-

154 3149 411 3221 pintaphilcacphis
429 3147 549 3202 docende
574 3145 836 3216 disputandoqueed
854 3162 936 3201 etan·
987 3156 1031 3203 tur
1044 3147 1157 3210 Natalia,
1170 3149 1279 3202 Adriani
1301 3152 1426 3220 rutartyris
1443 3165 1522 3219 uxor,
1541 3165 1603 3204 curn
1625 3149 1769 3206 llexirttie·

155 3221 273 3293 pelicem
285 3217 425 3274 veritatem
442 3215 586 3271 adductis:
603 3214 691 3270 iecere
710 3215 769 3269 eliae
790 3215 937 3272 innotueris
987 3233 1037 3271 nats
1054 3217 1195 3271 mulierum
1213 3221 1245 3270 ed
1262 3218 1333 3274 viros
1346 3221 1370 3272 in
1386 3234 1495 3275 carcere
1516 3219 1707 3275 condemnatos
1726 3221 1787 3282 in·.

156 3287 296 3345 miracolis
312 3289 507 3343 condecoratas.
987 3300 1110 3355 cressum
1126 3286 1316 3352 prohibuisset,
1334 3287 1424 3342 uiriles
1437 3298 1523 3344 restes
1537 3291 1694 3356 assumpsit,
1710 3305 1766 3360 quo

185 3355 312 3431 (leli'iri
323 3357 350 3410 ia
360 3357 466 3411 modern
477 3369 582 3408 rersttur
594 3351 881 3424 amictallaecquoque
895 3367 938 3410 se-
987 3357 1029 3408 rir
1040 3354 1206 3420 existimata,
1226 3357 1458 3422 intromitteretur,
1471 3368 1497 3412 et
1518 3372 1578 3426 quae
1595 3371 1663 3426 opus
1675 3369 1766 3427 erant,

155 3429 246 3485 uode
257 3427 315 3494 iarn
329 3426 412 3482 restis
429 3423 569 3493 cultusque
584 3438 598 3475 a
614 3422 715 3478 Thecla
739 3425 809 3477 laeta
826 3424 937 3479 mutatio
987 3424 1090 3479 sanctis
1101 3423 1327 3482 subministraret.
1342 3424 1425 3481 Recte
1440 3436 1520 3481 etrern
1534 3426 1676 3482 Theodora
1690 3429 1761 3483 idern

157 3509 298 3567 suspecta,
310 3504 340 3550 et
359 3508 420 3550 cum
444 3507 521 3548 secra
545 3491 684 3561 Scriptura
708 3492 837 3561 scitisque
851 3492 938 3547 eccle·
987 3495 1137 3548 Antiochia
1151 3494 1223 3560 lecit,
1236 3509 1289 3564 quo
1306 3496 1459 3564 pudicitiam
1477 3505 1616 3551 tueretur.
1638 3495 1768 3553 Sitrtiliter

142 3565 328 3639 xsiasticiapu
367 3577 428 3628 ens,
447 3563 533 3632 prime
555 3561 625 3617 lacis
647 3560 717 3615 forte
734 3562 817 3616 uideri
842 3564 936 3631 possit.
987 3562 1118 3631 Etrqenia,
1138 3561 1251 3632 Philippi
1275 3565 1442 3632 proconsulis
1461 3565 1635 3620 Alexandrini
1656 3565 1721 3630 lllia,
1741 3575 1771 3622 et

157 3630 687 3701 Neawmnumienimcap.aarr,rcrs.
712 3630 937 3694 5.ltaecleaste·
987 3630 1090 3686 Aleriae
1120 3643 1202 3700 atquc
1218 3633 1405 3705 Euphrosyne,
1434 3634 1625 3689 Alexandrinae
1650 3637 1768 3704 virgines

158 3706 245 3759 tuitar
258 3720 267 3760 a
282 3700 346 3758 Nota
368 3702 491 3756 inderetur
504 3700 601 3753 mulier
618 3711 684 3754 reate
706 3700 775 3753 atriti
795 3715 805 3754 .·
827 3715 873 3754 nec
899 3701 939 3754 uir
988 3703 1131 3755 sanctitate
1148 3702 1274 3767 illustres,
1296 3706 1387 3758 hahitn
1402 3706 1519 3758 virorum
1532 3703 1649 3768 ansietae,
1667 3705 1694 3758 in
1713 3719 1770 3759 σου.

159 3784 248 3830 atrtar
258 3783 328 3828 seete
338 3769 452 3841 [συνοῦσαι
467 3786 477 3825 .·
493 3768 673 3824 niomiuoiilis
688 3771 756 3822 enim
771 3771 840 3838 opud
855 3768 938 3822 [leram
989 3769 1099 3825 nohium
1113 3771 1232 3825 virorum
1250 3771 1374 3841 proiectae
1394 3782 1476 3838 surrt;
1498 3782 1525 3827 et
1548 3772 1653 3842 Pelagia
1673 3774 1769 3829 Aotio·

158 3853 198 3899 ert
215 3842 263 3915 qai
284 3837 527 3912 [helcheseujns
547 3838 615 3906 legis
641 3838 771 3892 rationem
799 3839 887 3892 reddit
903 3838 935 3892 ll.
989 3838 1087 3904 claena,
1102 3839 1205 3893 relictis
1221 3841 1311 3895 saculi
1329 3840 1521 3909 voltrptetihus,
1536 3841 1562 3895 in
1577 3842 1633 3897 loca
1648 3847 1767 3897 deserta.

160 3910 322 3967 nemaei·
333 3909 377 3974 θ’,
391 3925 420 3978 q.
433 3907 496 3973 tea,
507 3905 563 3973 26,
577 3921 646 3974 resp.
661 3909 696 3962 ad
709 3906 727 3961 li
741 3922 748 3960 :
760 3904 937 3970 Proltiditrrm,
992 3907 1057 3974 Quae
1073 3910 1107 3960 de.
1125 3909 1205 3961 testis
1226 3911 1371 3964 nrrrtatiotre
1386 3912 1457 3966 dicte
1480 3919 1553 3971 suunt,
1572 3913 1665 3964 cedern
1679 3913 1712 3966 de
1725 3926 1770 3965 ca·

162 3981 262 4049 inquit,
275 3979 337 4049 [ait.
350 3995 383 4034 tre
398 3978 493 4031 orelier
509 3976 660 4056 indueretur
676 3985 744 4057 ueste
763 3974 843 4057 ta'riii,
859 3986 934 4034 uatte
992 3977 1116 4047 pillosum
1127 3979 1284 4031 tletortsione
1297 3981 1366 4032 dicta
1383 3986 1517 4058 poteratur.
1530 3977 1622 4047 Neque
1639 3982 1769 4034 adversa·

169 4048 609 4185 ssersfttidltutttl
624 4044 942 4181 ‘tls'ttltttltlh
992 4046 1192 4170 t'tlttihiti
1211 4047 1359 4169 llt‘ll
1380 4047 1709 4186 ,llttlahtttetta
1725 4049 1770 4170 i:

175 4183 256 4237 rerer
278 4184 406 4246 rutena.
426 4184 534 4255 pentilea
553 4184 579 4236 in
609 4184 680 4236 coitu
702 4199 811 4237 atterum
835 4194 941 4237 decrerit
966 4191 970 4204 ·
991 4183 1054 4248 ride,
1068 4185 1189 4253 deturpat
1204 4195 1279 4251 ceput
1295 4202 1394 4238 auum:
1411 4200 1490 4238 υιιννι
1509 4186 1576 4238 enirn
1591 4195 1628 4239 sat
1641 4203 1672 4239 oe
1687 4187 1708 4239 ri
1721 4188 1766 4240 de·

171 4252 368 4309 mamert
383 4256 460 4309 etiem
479 4253 506 4306 in
530 4251 602 4306 calte
625 4250 720 4305 Nortia
741 4254 861 4306 mulierea
882 4261 942 4303 atte-
992 4251 1116 4306 calcetur.
1140 4254 1210 4306 ll'out
1229 4255 1252 4307 ai
1268 4271 1320 4308 noa
1334 4255 1434 4309 celetur
1453 4253 1557 4318 mulier,
1574 4255 1732 4321 tondentur,
1744 4257 1768 4311 ai

167 4321 266 4375 bauer
284 4323 365 4377 mla
380 4325 517 4379 airorrtnt:
538 4323 565 4374 itt
589 4322 662 4374 euitat
689 4332 774 4374 eatena
802 4319 942 4374 Veneriae
993 4332 1142 4390 oeroturpe
1160 4335 1197 4375 eat
1216 4323 1318 4376 naulieri
1335 4324 1447 4387 tonderi,
1471 4334 1515 4375 ortt
1537 4324 1681 4391 decolorari,
1706 4325 1770 4380 celet

164 4404 286 4444 scaceras
299 4390 349 4445 rtet
362 4389 620 4447 uelontcreeatiiara
636 4400 660 4444 et
674 4390 832 4444 indumentis
847 4390 941 4443 naalie-
994 4403 1169 4458 separarem.
1193 4391 1374 4462 Reprehendit
1392 4395 1464 4448 enim
1493 4406 1525 4447 ee
1548 4393 1608 4448 loce
1628 4394 1771 4458 Apostolus

166 4474 234 4512 rear.
246 4458 336 4514 Altero
348 4463 417 4514 ratio
429 4472 464 4514 ert
483 4461 517 4512 od
534 4457 716 4513 declinandam
729 4461 872 4523 toseriuaa,
886 4471 938 4513 etc.
995 4459 1122 4515 mulieres
1138 4476 1233 4515 sesnru
1256 4477 1336 4518 sutrin
1364 4465 1490 4518 indecoro
1515 4462 1560 4516 illo
1585 4464 1679 4518 hahttu
1706 4478 1765 4530 pro·

167 4523 241 4581 ldem
264 4539 351 4583 umen
365 4528 398 4582 Ξ·
414 4529 456 4594 2¹,
471 4546 498 4597 q.
516 4528 578 4592 les,
592 4537 644 4580 art.
662 4526 690 4589 2,
709 4541 781 4598 resp.
799 4531 832 4582 ed
846 4527 872 4594 5,
888 4527 943 4583 lucc
994 4528 1087 4583 detttes
1102 4543 1134 4583 ec
1159 4531 1328 4586 venditantes
1341 4548 1348 4584 :
1363 4546 1421 4597 seu,
1448 4539 1476 4585 ul
1495 4532 1688 4600 interpretetur
1707 4531 1770 4585 Cle·

169 4595 251 4651 rerba
263 4598 341 4652 hehet
358 4616 365 4653 :
384 4597 471 4652 Potest
486 4601 735 4665 tontenquoadoqrte
750 4602 799 4649 hoc
813 4594 871 4665 fieri
887 4599 944 4651 aius
994 4612 1069 4652 atteras
1081 4597 1279 4655 Alexandrinus
1295 4604 1321 4654 ha
1342 4601 1499 4672 Perdupoqo,
1519 4603 1591 4655 siros
1609 4603 1642 4653 ed
1657 4603 1771 4665 turpitu-

166 4673 282 4730 mero,
296 4677 401 4733 propter
413 4667 530 4736 aliquem
555 4667 742 4727 arcersitorem,
761 4667 797 4717 rel
822 4681 902 4719 cartre
916 4681 945 4720 re
994 4669 1082 4720 dinem
1097 4681 1274 4735 provocantes
1289 4687 1296 4722 ι
1310 4686 1364 4724 tion
1386 4686 1448 4724 sero
1462 4671 1534 4722 illurn
1556 4668 1720 4723 neccesarius
1734 4669 1769 4718 oh

165 4731 316 4788 eccalteadr'
330 4736 364 4788 el
379 4735 505 4800 hortatur,
520 4737 558 4788 rei
573 4746 677 4802 propter
692 4736 819 4802 delectent
834 4733 942 4788 alteritas
993 4748 1090 4790 causam
1101 4738 1302 4791 dissinnrlantes
1319 4753 1350 4791 ac
1367 4749 1499 4806 tegentes.
1512 4738 1547 4791 Aa
1567 4736 1706 4802 veroquid
1721 4748 1769 4787 ce·

163 4801 320 4870 autimi,
337 4807 376 4859 rel
388 4812 494 4873 propter
506 4805 605 4873 oliqttt‘d
623 4802 787 4871 ltnjrtnnodi.
808 4803 943 4870 Astiprtlu·
994 4818 1064 4858 none
1081 4804 1115 4857 tl
1127 4806 1232 4857 concilii
1246 4804 1410 4870 Gangrcnsis
1425 4804 1576 4860 iaciemus?
1590 4819 1643 4870 quc
1662 4803 1770 4856 disertis

163 4879 210 4924 latr
235 4871 319 4928 ethan
347 4873 457 4929 Summe
480 4873 647 4942 sylvestrium
671 4871 745 4935 sealt.
771 4871 892 4934 Fentirte,
917 4880 944 4924 ct
994 4872 1084 4925 verbis
1102 4871 1414 4939 caveltterttaettnqtte
1436 4876 1532 4924 mulier
1557 4872 1676 4939 reiiqiorri
1690 4871 1768 4939 jardi·

162 4938 241 4995 verla-
264 4938 382 4997 Orattttta
395 4959 406 4997 .·
421 4943 532 4996 omnino
559 4942 585 4995 id
609 4942 690 4995 licere
711 4955 844 5002 asserens,
869 4941 945 4993 dtttu-
994 4954 1056 4991 cona
1071 4939 1215 5000 συνοικοῦσα,
1228 4953 1327 4990 comeus
1342 4941 1391 4993 siti
1404 4941 1590 5006 earputooerit,
1608 4956 1686 5010 quom
1699 4941 1769 4993 οισι

163 5009 247 5064 nodo
261 5011 351 5066 subsit
373 5012 451 5073 redo,
471 5011 674 5079 corttreriosqne
692 5010 761 5078 iuris
780 5019 866 5064 textus
887 5011 941 5061 dis·
994 5007 1189 5060 odeelunaerrst
1207 5009 1409 5061 admemoriam
1433 5008 1598 5077 reljeetionis
1620 5007 1660 5060 illi
1677 5009 1768 5072 dedit,·

161 5076 282 5132 minens.
300 5079 337 5133 At
352 5093 417 5135 vero
435 5081 537 5134 directe
559 5080 667 5133 obstare
686 5081 792 5133 ridetur
809 5092 893 5130 cetron
910 5077 943 5130 ld
992 5086 1116 5145 toaqrrant
1132 5077 1231 5130 solaerra
1239 5075 1303 5144 jura
1316 5077 1494 5145 subiectionis,
1505 5077 1698 5131 anathemeait.
1714 5077 1770 5147 Ego

161 5148 271 5202 concilii
285 5145 462 5218 Gangrensis,
483 5149 561 5218 cujum
577 5149 632 5202 haec
655 5148 735 5202 verha
752 5161 759 5199 ι
775 5148 870 5214 Siqua
885 5162 943 5199 mu·
992 5154 1113 5213 putarem
1126 5145 1154 5199 in
1180 5144 1384 5215 detestationem
1412 5147 1544 5201 haereseos
1562 5146 1769 5201 heraeticorum

161 5215 214 5270 lier
230 5231 280 5270 eso
298 5219 433 5286 proposito
453 5219 516 5272 attile
531 5217 663 5284 iadicem,
682 5227 708 5269 nt
723 5218 790 5269 cirili
805 5224 873 5268 ueste
884 5227 942 5267 arto·
992 5221 1096 5276 lartum,
1124 5216 1170 5282 qui
1204 5215 1311 5284 atuptias
1346 5217 1498 5271 intruendas
1525 5216 1702 5282 judieaheut3
1737 5229 1770 5269 ec

161 5293 219 5349 aar,
231 5292 258 5337 et
270 5296 376 5354 propter
398 5289 447 5342 hoe
466 5287 567 5340 virilem
585 5284 701 5338 holitum
721 5286 850 5345 imitator,
877 5298 942 5335 orto·
991 5284 1192 5349 proindeetiem
1205 5293 1303 5352 nuptas
1314 5283 1438 5342 fortassis
1450 5300 1465 5338 e
1476 5285 1598 5353 legitimo
1610 5285 1769 5340 ntaritorurn

160 5351 313 5419 tlemuolt,
328 5365 424 5425 estque
445 5357 514 5424 epud
539 5355 660 5409 Gratien.
675 5355 705 5409 C.
724 5352 752 5406 Si
770 5370 820 5421 quo
835 5352 938 5415 molier,
991 5361 1051 5406 toro
1074 5354 1211 5408 discedere
1233 5353 1400 5418 suadentes,
1433 5358 1466 5408 ed
1489 5354 1625 5424 religionis
1648 5354 1769 5409 habitum

159 5420 274 5477 wdist.
286 5439 297 5491 ;
311 5439 364 5479 raon
384 5425 473 5481 ohstet
496 5435 596 5488 satureo,
614 5424 660 5475 scd
681 5423 743 5474 illud
763 5431 866 5475 tanturn
885 5435 941 5473 ruo·
990 5422 1192 5484 assumendum,
1210 5436 1292 5490 seque
1310 5427 1484 5487 torrdcndum,
1508 5435 1589 5491 atque
1611 5423 1648 5476 ite
1666 5440 1682 5475 a
1699 5426 1771 5476 tiro·

159 5498 220 5554 net,
243 5493 360 5547 vestium
387 5495 560 5549 nautationcru
583 5507 635 5544 noo
660 5505 769 5554 trinitare,
795 5505 843 5557 pro
868 5490 940 5542 inani
992 5504 1050 5542 rura
1066 5491 1241 5556 subjectione,
1256 5499 1285 5545 ut
1298 5492 1438 5560 pntehent,
1456 5506 1515 5548 sese
1531 5492 1704 5547 eximendum
1727 5493 1770 5546 in-

160 5560 330 5616 urutterrutae
344 5563 491 5633 cujuspiam
505 5561 640 5628 opinione,
654 5559 725 5613 illam
740 5574 771 5614 ex
782 5575 809 5611 re
820 5573 867 5611 sua
882 5571 942 5636 esse
991 5559 1132 5614 ducebant.

161 5629 291 5695 dicentis,
306 5630 457 5689 lecicudem
474 5645 546 5688 esse.
566 5628 632 5684 Cum
654 5631 724 5684 enim
740 5630 853 5683 corrictus
869 5640 940 5697 epis·
