3817 6075
149 303 205 369 ωδ
751 304 889 365 Bastuli
909 299 1179 366 SELEUCIENSIS
1727 299 1785 365 bol

152 419 186 472 ad
203 417 263 473 illos
279 416 462 487 pertinentes
479 414 638 481 relicturus,
656 416 748 485 ibique
763 418 937 473 adtuinistra·
951 425 976 480 Α
988 419 1034 472 τοῦ
1058 416 1148 472 κοινοῦ
1167 416 1247 484 λόγου
1262 414 1357 468 δώσειν
1382 412 1506 475 εὐθύνας.
1529 411 1660 482 Τεθυηξει
1682 411 1713 466 δέ
1731 413 1782 483 τῆς

154 508 235 563 tionis
249 522 338 562 rerum
352 505 535 562 communium
549 507 679 561 hacteuus
693 508 765 563 inter
777 517 803 562 tc
818 520 844 562 at
856 508 938 563 Aule·
989 508 1116 579 δευτέρας
1131 506 1275 577 ἐδδομάδος
1289 505 1360 558 κατά
1374 504 1424 573 τὴν
1437 502 1523 575 αὐτὴν
1540 500 1646 569 ταύτην
1667 502 1782 567 πάντως

152 599 222 654 rium
245 598 378 653 rationem
404 597 570 652 redditurus.
593 598 684 652 Altera
707 600 805 667 quippe
828 598 863 653 ab
887 598 937 653 irae
989 601 1132 671 ἡμέραν.»
1157 598 1219 652 Ἐπί
1232 596 1335 659 τούτοις
1350 598 1367 666 η
1385 595 1435 664 μέν
1451 596 1573 663 ἀπέστη·
1590 594 1647 647 tte
1664 593 1780 664 ἀνέστη,

152 689 330 754 hebdomade,
339 688 456 757 bacipsa
464 689 575 744 omnino
587 690 640 755 tlie,
654 704 683 744 es
697 689 853 744 moriturus.
866 707 876 741 ι
891 690 938 743 llis
988 691 1114 743 τοιοῦτον
1130 689 1176 741 inl
1193 690 1203 719 ¹
1216 686 1264 740 wi
1277 686 1354 749 δέους
1371 684 1613 755 κατακινούμενος,
1629 684 1668 749 ὡς
1693 684 1781 755 μηδὲν

152 779 242 840 uictis,
258 779 323 833 abiit
337 779 398 845 iila;
413 778 457 833 lric
469 780 598 844 surrexit,
613 781 680 834 adeo
694 795 748 850 prce
760 794 860 849 pavore
872 794 937 834 oon-
988 782 1018 832 ἐν
1043 780 1146 851 ηρεμία
1173 781 1263 850 μεῖναι
1287 774 1334 831 τοῦ
1362 776 1503 846 σώματος,
1531 775 1656 847 βραομοῡ
1679 775 1710 829 δέ
1733 776 1781 829 καί

153 870 322 935 tremiscens,
339 881 368 923 ut
383 870 454 924 nulla
469 872 593 939 corporis
607 872 665 939 ojus
683 887 745 941 pars
762 871 938 941 conquiesce·
988 873 1082 925 κλόνου
1107 872 1155 924 καί
1179 872 1280 944 τρόμου
1309 870 1397 923 πάντα
1424 868 1601 939 πληρωθῆναι
1625 868 1660 921 nl
1694 867 1778 937 μέλη.

154 970 202 1023 ret,
223 962 270 1015 secl
292 960 397 1029 singula
418 959 477 1028 ejus
499 960 619 1014 membra
641 961 798 1031 agitatione,
821 975 936 1015 concus-
988 963 1025 1015 'll
1038 979 1067 1015 τε
1084 962 1139 1032 γάρ
1153 960 1259 1032 κεφαλὴ
1288 960 1478 1031 ἐκραδαίνετο,
1497 958 1532 1012 τά
1547 976 1578 1011 τε
1598 956 1777 1030 δμματαῆδη

151 1054 243 1115 sione,
263 1063 396 1115 tremore,
417 1053 628 1120 complerentur.
649 1051 714 1104 Nam
736 1062 763 1105 et
783 1059 863 1118 caput
886 1051 935 1121 ipsi
986 1050 1463 1122 λειπαυγοῡνταπεριεπλανδτο,καί
1478 1051 1495 1120 η
1511 1049 1622 1117 γλῶττα
1637 1051 1777 1118 παριείτο,

151 1145 325 1197 veliementer
345 1145 521 1207 ιιιονοίιιιιυτς
539 1144 609 1197 oculi
630 1143 725 1198 ollusis
741 1143 797 1212 jam
818 1143 936 1198 tenebris
987 1145 1035 1198 καί
1045 1146 1070 1198 ol
1084 1143 1189 1206 ὀδόντες
1204 1144 1368 1211 ἐπατάγουν,
1380 1143 1428 1193 καί
1446 1142 1463 1212 η
1479 1139 1579 1210 καρδία
1589 1137 1710 1191 ἔπαλλε·
1729 1136 1778 1190 καί

150 1234 390 1297 circumerrabnnt,
405 1235 493 1305 lingua
509 1235 706 1297 remittebatur,
722 1234 816 1288 tientes
829 1233 936 1288 stride·
986 1233 1077 1298 οὓτως
1095 1234 1206 1305 ἀναίδην
1220 1233 1242 1298 ’,
1258 1232 1296 1294 ὡς
1320 1233 1366 1286 καί
1394 1231 1593 1303 προεκπίπτειν
1612 1230 1704 1283 δοκεῖν
1727 1228 1776 1282 τοῦ

151 1328 227 1390 bant,
243 1342 291 1381 cor
305 1327 467 1395 palpitabat,
482 1336 509 1381 et
526 1326 634 1392 quidem
652 1334 727 1379 tanto
743 1328 803 1379 oum
821 1325 935 1393 impetu,
986 1324 1080 1379 λοιποῦ
1100 1323 1243 1396 σώματος·
1258 1325 1338 1388 πόδες
1357 1323 1397 1389 δέ,
1412 1323 1450 1387 ὼς
1463 1323 1515 1377 ὑπό
1529 1338 1601 1386 τινος
1614 1322 1718 1392 χαύνου
1729 1320 1776 1373 καί

151 1426 181 1471 ut
192 1432 208 1471 e
218 1431 331 1486 corpore
344 1417 446 1484 reliquo
456 1432 582 1471 casinum
595 1415 746 1478 meleretum
760 1414 843 1483 peries
854 1427 936 1483 porro
987 1416 1158 1489 διαρρέοντος
1178 1415 1395 1487 ἀναγκαζόμενοι
1414 1414 1528 1484 βαίνειν,
1544 1412 1617 1467 οὕτω
1643 1413 1733 1483 συχνά
1746 1427 1777 1464 ττ

151 1508 187 1561 ita
207 1507 304 1563 crebro
323 1518 349 1560 et
368 1506 474 1562 inilnne
494 1506 669 1569 vacillabant,
689 1506 765 1574 quasi
785 1519 801 1558 a
822 1504 935 1558 materia
985 1508 1034 1561 καί
1048 1507 1200 1578 ἀστηρικτα
1214 1506 1421 1560 ὑπνλίσθαινου.
1437 1506 1509 1575 Πρδς
1526 1504 1697 1558 τοσοῦτονδὲ
1713 1503 1775 1556 ἀντ-

151 1600 241 1669 αΙίιμιυ
253 1599 325 1654 molli
337 1609 364 1654 et
376 1598 447 1651 bura
458 1598 491 1651 acl
505 1598 707 1668 ingredientium
721 1595 934 1665 impellerentur.
985 1596 1087 1666 ηρκεοτ
1117 1595 1215 1666 μόνον,
1239 1595 1309 1649 ὥστε
1329 1596 1376 1649 καί
1397 1594 1447 1666 τὴν
1466 1594 1572 1648 ἀδικίαν
1594 1592 1774 1663 ὁμολογῆσαι,

151 1689 179 1745 ln
199 1690 224 1744 id
241 1703 304 1744 vero
321 1698 424 1743 teritum
442 1689 533 1743 adbuc
551 1687 706 1751 resistebat,
724 1696 755 1742 ut
773 1686 933 1754 injustitiam
986 1688 1034 1740 καί
1050 1686 1127 1757 ρίψαι
1139 1686 1190 1758 τὴν
1202 1686 1395 1755 συκοφαντίαν,
1412 1689 1460 1741 καί
1474 1686 1523 1756 τὴν
1536 1685 1649 1753 άκαιρον
1669 1684 1772 1738 ἐπιδεί-

151 1795 227 1835 auam
247 1779 428 1849 profiteretur,
447 1779 651 1849 sycophantiam
671 1780 835 1847 repudiaret,
853 1778 934 1830 bene·
951 1754 974 1810 Β
989 1776 1084 1841 ξασθαι
1092 1776 1307 1849 φιλανθρωπίαν·
1318 1776 1502 1848 όνησασθαιδέ
1519 1777 1580 1848 μηδ’
1588 1777 1679 1831 ότιοῦν
1692 1777 1774 1831 ababa

150 1870 294 1925 aalctrtiam
310 1870 527 1939 interrupesiivam
541 1877 786 1936 commonstraret,
802 1868 870 1922 nibil
885 1883 937 1921 au·
985 1866 1037 1931 ἐτι,
1050 1865 1081 1920 τδ
1100 1866 1167 1937 μηδὲ
1180 1864 1303 1936 γνώμης,
1324 1864 1380 1920 ἀλλ’
1395 1865 1518 1934 ἀνάγκης
1531 1864 1626 1917 λοιπδν
1648 1859 1721 1916 είναι
1737 1863 1772 1916 τά

151 1971 204 2015 tem
222 1960 285 2016 inde
301 1960 475 2015 etrtolumeuti
493 1962 545 2015 sibi
563 1972 733 2030 compararet
748 1978 756 2013 a
772 1960 859 2029 quod,
876 1973 937 2029 (μιαί
985 1959 1167 2029 πεπραγμένα
1186 1956 1282 2012 ταῦτα.
1297 1957 1354 2024 Τῆς
1368 1956 1433 2026 γοῦν
1449 1954 1650 2027 προρρηθείσης
1664 1956 1774 2026 ἡμέρας

150 2055 185 2106 ab
206 2067 239 2108 eo
260 2054 434 2121 gerebantur,
457 2055 617 2116 necessitas,
633 2068 686 2108 non
708 2052 831 2106 voluntas
852 2051 936 2106 libera
984 2050 1046 2103 όοον
1060 2048 1229 2119 όιακυψάσης
1249 2049 1339 2119 μόνον,
1361 2047 1522 2119 ἀνηρπάσθη
1542 2064 1582 2111 τε,
1598 2046 1646 2100 καί
1669 2046 1702 2099 ab
1721 2044 1772 2115 τῆς

149 2144 334 2211 expressisset.
350 2142 397 2197 liis
419 2143 500 2213 igitur
516 2145 694 2212 praeutrntiata
716 2144 774 2199 dics
792 2142 935 2209 illuxerat,
985 2140 1152 2212 προφητείας
1166 2140 1280 2209 ἀψευδὲς
1297 2138 1449 2208 ἐάεάαιὼθη
1461 2139 1500 2209 τῷ
1516 2138 1603 2191 τέλει·
1616 2137 1654 2202 ὡς
1668 2137 1770 2209 μηδένα

148 2248 210 2289 curn
229 2234 273 2288 ille
289 2234 411 2289 sublatus
429 2247 481 2297 est,
497 2244 524 2289 et
542 2235 726 2304 praedictionis
741 2236 842 2290 veritas
859 2235 933 2290 exitu
987 2228 1101 2299 μὲντῶν
1113 2227 1179 2298 παρ’
1193 2230 1268 2298 ἡμῖν,
1283 2228 1352 2299 μηδὲ
1364 2227 1419 2281 τῶν
1432 2229 1496 2298 παρ’
1506 2227 1620 2292 ἐκείνοις
1636 2228 1770 2298 ἀγνοῆσαι

147 2326 321 2393 comprobata
336 2340 343 2379 :
358 2325 426 2378 arleo
441 2334 470 2378 ut
484 2326 631 2387 neminem,
645 2325 690 2392 oui
704 2324 775 2393 apud
790 2339 839 2379 nos
852 2322 934 2377 vitam
983 2320 1033 2391 την
1055 2322 1114 2389 μετ’
1130 2319 1236 2381 ἀδικίας
1256 2319 1407 2390 συμφοράν.
1426 2319 1506 2373 ’ἀλλά
1518 2336 1550 2387 γε
1572 2318 1604 2389 δὴ
1635 2318 1769 2391 μετάόηθι

147 2426 241 2487 agitati.
257 2416 316 2471 limo
331 2415 403 2470 illius
420 2430 452 2470 et
471 2415 612 2484 iniquitate
627 2425 688 2471 orta
706 2416 846 2471 calamitas
864 2415 933 2471 late·
984 2411 1093 2482 (ταυτδν
1107 2411 1161 2483 γάρ
1179 2428 1224 2481 μοι
1241 2410 1322 2465 πάλιν
1333 2411 1445 2482 ρητέον)
1462 2410 1516 2464 ἀπδ
1532 2411 1585 2463 τῶν
1600 2410 1770 2482 κατηφεστέ-

147 2515 196 2560 rct.
212 2506 310 2561 lerum
326 2520 376 2574 age
389 2506 474 2559 lector
486 2506 494 2563 l
504 2506 573 2560 illem
587 2505 596 2536 ¹
611 2507 683 2560 enim
697 2506 761 2560 mibi
778 2506 875 2560 iterum
889 2506 932 2560 di·
984 2519 1039 2572 ρων
1053 2500 1100 2555 ἐπί
1113 2503 1149 2554 τά
1165 2501 1329 2572 φαιδρότερον
1344 2502 1481 2578 inlapsa.
1495 2501 1550 2554 &wi
1568 2502 1623 2555 τῶν
1638 2502 1768 2573 iubatis·

145 2597 276 2667 cenidum)
292 2612 306 2651 a
321 2598 488 2652 tristioribus
503 2598 536 2650 ati
552 2596 680 2652 lrilariora
697 2598 843 2664 miracula,
858 2614 873 2652 a
888 2612 932 2653 se·
982 2594 1086 2665 στέρωυ
1111 2592 1159 2646 ἐπί
1180 2593 1215 2647 τά
1241 2593 1421 2665 χαριέστερα·
1448 2595 1491 2647 ῑνα
1518 2594 1566 2649 καί
1588 2593 1770 2657 ουτταλείσας

144 2687 295 2740 verioribns
317 2687 350 2739 url
371 2686 532 2755 jucundiora
556 2688 696 2756 «ligrctlcrc
719 2704 726 2741 ε
750 2701 804 2757 quo
826 2688 932 2743 animos
981 2685 1060 2757 ημῶν
1075 2684 1127 2737 ὑπό
1140 2684 1186 2737 τοῦ
1206 2683 1289 2753 φόόου
1305 2684 1354 2748 τάς
1367 2684 1455 2755 ψυγάς
1469 2686 1651 2756 ἀναγάγωμέν
1667 2703 1698 2739 τε
1720 2687 1769 2740 καί

146 2788 252 2831 nostros
269 2778 366 2831 timore
383 2788 551 2844 rorrtractos,
571 2778 689 2832 strariori
705 2790 732 2833 et
749 2777 844 2834 leniori
861 2794 930 2850 qua·
979 2774 1179 2845 ἀναθάλψωμεν
1193 2774 1367 2846 γλυκυτὲρυις
1382 2776 1462 2831 πάλιν
1475 2776 1522 2829 καὶ
1537 2774 1768 2847 προσηνεστέρα

144 2867 216 2933 piam
231 2865 387 2919 narratione
397 2866 563 2919 oblectemus
576 2865 697 2920 nonnibil
722 2882 755 2922 ac
766 2882 930 2923 recreemus.
980 2865 1035 2918 τισί
1063 2864 1241 2937 δῑθλὴίάθθῑν·
1256 2866 1346 2935 ἈΜ
1360 2865 1407 2920 olm
1421 2866 1553 2939 imper,
1569 2866 1650 2922 πάλλ’)
1666 2868 1707 2932 ⁵¹5
1723 2867 1769 2939 pt-

144 2958 209 3022 Qutc
223 2958 305 3028 igitur
318 2971 378 3013 uota
396 2959 535 3023 babemus,
550 2958 576 3012 iu
594 2958 711 3013 mettium
727 2975 822 3015 rursus
838 2960 931 3031 prole·
981 2976 1027 3013 σον
1041 2958 1200 3028 ἀγάγωμεν.

143 3064 245 3106 sumtis.

450 3163 618 3237 austu·
941 3198 964 3254 c
1338 3167 1404 3225 m.

177 3299 247 3352 birni
269 3308 374 3367 tempus
385 3307 445 3352 erat
455 3298 591 3367 aestivum,
604 3311 631 3354 et
647 3302 802 3356 cicadarum
817 3312 923 3365 coruus.
1011 3299 1096 3372 Θέρος
1110 3297 1144 3373 ἦν
1157 3302 1204 3357 καί
1216 3302 1346 3370 τεττίγων
1357 3301 1412 3373 ᾠδὴ
1427 3303 1474 3356 καί
1486 3302 1569 3366 πολὺς
1581 3304 1595 3356 ό
1605 3303 1683 3377 ἣλιος
1696 3305 1767 3380 ὑπὲρ

141 3387 260 3457 solisque
276 3386 352 3441 nimii
368 3402 449 3457 supra
463 3398 543 3457 caput
559 3391 689 3456 artiores;
707 3401 734 3445 et
748 3393 838 3461 granis
853 3408 925 3462 ηοω·
976 3392 1096 3461 κεφαλῆς
1118 3393 1235 3463 φλέγων,
1258 3392 1306 3446 καί
1325 3406 1367 3457 τις
1394 3394 1541 3465 ἐπενέμετο
1564 3394 1663 3468 βαρεῖα
1688 3395 1766 3463 νότος

142 3479 203 3533 tlarn
220 3477 305 3532 morbi
325 3476 366 3530 ris
386 3476 483 3542 mulos,
499 3492 594 3546 corros,
616 3480 708 3546 bores,
730 3479 832 3546 asinos,
849 3495 923 3546 oves,
975 3483 1072 3554 όρέας,
1096 3484 1210 3551 ίππους,
1228 3485 1309 3555 βόας,
1331 3486 1424 3549 δνους,
1441 3487 1583 3558 πρόάατα,
1605 3490 1653 3542 καὶ
1677 3493 1767 3546 πάντα

140 3578 178 3632 et,
197 3577 226 3621 ut
243 3566 327 3621 verbo
349 3567 449 3634 dicam,
472 3583 553 3622 omne
568 3584 653 3638 ponus
666 3569 824 3624 animalium
839 3571 923 3639 tlepa·
974 3574 1068 3639 ἀπλῶς
1085 3576 1136 3630 ὅσα
1154 3577 1204 3647 της
1219 3576 1272 3631 τῶν
1298 3576 1480 3649 βοσκημάτων
1501 3581 1559 3634 ἐστὶ
1582 3581 1708 3649 φύσεως·
1725 3588 1768 3652 ὡς
1821 3624 1826 3632 .

139 3659 289 3713 scebatur:
317 3658 352 3712 ita
377 3668 405 3712 ut
425 3657 482 3713 lues
506 3659 550 3713 illa
567 3676 671 3731 ,magna
699 3661 808 3717 consilii
833 3662 925 3732 inopia
974 3667 1022 3720 καί
1038 3666 1067 3720 ἐν
1086 3668 1226 3742 ἀμηχανίᾳ
1242 3670 1326 3740 πολλῇ
1342 3671 1390 3723 καί
1403 3671 1524 3740 φροντίδι
1539 3673 1569 3725 τό
1582 3674 1670 3730 κακδν
1682 3670 1763 3743 τίναι,

139 3748 278 3818 animique
308 3749 491 3806 sollicitudine
518 3765 614 3814 omnes
642 3751 779 3820 alliceret;
807 3755 923 3809 uastatis
974 3760 1148 3831 κενουμένων
1169 3763 1218 3833 μὲν
1237 3762 1338 3833 κωμῶν
1359 3763 1405 3817 καί
1419 3763 1521 3835 ἀγρῶν,
1537 3765 1588 3837 ηδη
1605 3766 1762 3824 δίκαίτῶν

139 3838 208 3893 ricla
227 3847 255 3892 et
272 3840 354 3909 apris,
376 3841 441 3910 quin
455 3851 483 3895 et
497 3841 522 3894 in
541 3841 607 3896 urbe
623 3842 849 3913 splendidissimis
863 3844 923 3914 qui·
974 3851 1003 3904 ἐν
1026 3851 1104 3906 ἀστει
1130 3853 1265 3926 λαμπρῶν
1290 3855 1383 3920 οίκων,
1409 3855 1543 3925 μηδεμίας
1561 3856 1591 3910 δέ
1614 3858 1758 3930 θεραπείας

139 3929 242 4000 busque
255 3931 359 3988 aclibus
374 3933 536 4001 exinanitis5
560 3933 633 3989 nulla
651 3935 759 4003 penitus
773 3935 923 3991 curationis
972 3942 1207 4015 ἀποφαινομένης,
1227 3946 1258 3998 cb
1276 3946 1324 3999 καί
1343 3946 1440 4017 ἀδηλον
1462 3942 1530 4000 είναι
1543 3948 1574 4001 τό
1589 3949 1753 4015 κακδν,δθτν

138 4020 244 4076 ratione
265 4035 324 4077 sese
346 4023 502 4080 ollcreute:
528 4025 599 4095 quoti
632 4025 696 4079 mali
724 4027 801 4096 origo
830 4027 921 4096 igttota
972 4051 1001 4086 τε
1021 4035 1063 4106 είη
1089 4036 1135 4089 καί
1158 4036 1220 4090 ἀθιυ
1243 4053 1273 4089 τε
1294 4037 1528 4108 ἐγκαταοκηπτοι.
1554 4038 1626 4094 libas
1649 4043 1706 4114 γάρ
1723 4036 1757 4112 ἦν

137 4120 226 4178 esaei,
245 4122 271 4168 et
290 4114 424 4168 undenum
443 4126 517 4171 tauto
531 4117 631 4187 impetu
656 4117 781 4172 irruisset
801 4120 921 4175 nescire·
972 4124 1047 4196 παρά
1060 4125 1115 4178 τῶν
1131 4126 1326 4198 ἀπολλυμένων
1341 4127 1447 4198 μαθεῖν·
1462 4127 1503 4182 ἔτι
1520 4128 1630 4200 μηνυταί
1643 4130 1676 4184 ct
1693 4148 1762 4202 πρυ-

139 4210 191 4256 ιιιτ.
209 4200 300 4272 Neque
314 4194 385 4257 cniui
404 4206 430 4258 irl
446 4223 477 4260 cx
494 4206 529 4261 iis
544 4222 604 4277 qum
619 4208 744 4276 peribant
759 4210 922 4266 animalibus
970 4213 1018 4266 τοῦ
1037 4213 1243 4283 ἀναρπάζεσθαι
1268 4215 1317 4285 της
1338 4215 1368 4268 ab
1392 4217 1562 4286 κεκτημένον
1579 4217 1753 4284 aialim,

137 4294 339 4360 tlcprcltendere
367 4296 483 4362 licebat;
513 4299 585 4367 quol
613 4313 647 4351 eo
675 4299 745 4351 rnalo
774 4310 920 4369 correpta,
971 4303 1018 4355 καί
1032 4301 1117 4356 πολλά
1132 4319 1164 4369 γε
1185 4303 1245 4372 ἀμα
1267 4305 1315 4358 καλ
1339 4304 1623 4376 άθράονάπόλλυοθαι.
1641 4306 1686 4371 Ὦς
1703 4302 1752 4360 οὖν

137 4382 294 4450 priusquam
310 4385 468 4449 sentiretur,
486 4386 519 4440 dc
535 4386 623 4441 rnedio
636 4386 806 4454 tollerentur,
823 4389 921 4442 multa·
970 4391 1073 4461 άπορόν
1093 4407 1123 4444 τε
1137 4387 1171 4464 ην
1193 4393 1225 4446 nb
1249 4391 1335 4447 δεινδν
1360 4395 1407 4449 καί
1432 4397 1606 4470 ἀνθρωπίνης
1629 4395 1754 4461 ἐπινοίας

136 4487 189 4539 trare
212 4471 293 4526 siarul
312 4475 457 4529 conlcrtim
483 4474 639 4530 interirent.
659 4476 728 4530 Cum
746 4493 811 4549 ergo
823 4477 920 4548 despc·
971 4484 1105 4557 κρείττω,
1120 4483 1201 4538 πάλιν
1214 4486 1230 4557 ἡ
1243 4485 1358 4556 ἀφθονός
1370 4506 1400 4542 τε
1413 4490 1460 4543 καί
1481 4494 1625 4563 παναρκης
1638 4490 1757 4546 ἐνταῦθα

136 4571 193 4616 rata
208 4560 263 4632 jam
285 4578 328 4618 ros
341 4575 422 4626 esset,
439 4573 467 4619 et
483 4561 590 4620 orrrncm
612 4567 757 4621 lmmanam
778 4568 915 4624 solertiam
934 4573 1077 4642 υμάρτυς
1089 4572 1205 4647 ᾤκτειρέ
1226 4593 1254 4630 τε
1276 4577 1311 4630 τά
1332 4580 1506 4651 ἀπολλύμενα
1530 4583 1595 4646 τούς
1617 4600 1646 4636 τε
1669 4582 1756 4636 ἀπολ-

135 4654 269 4720 vinccret,
284 4656 373 4711 ‹lentro
393 4658 508 4728 benigna
528 4659 571 4713 bie
586 4674 617 4712 ac
631 4668 782 4729 prepotens
804 4670 916 4732 martyr,
971 4662 1093 4731 λύοντας,
1114 4666 1161 4720 καί
1183 4668 1232 4738 τἠν
1252 4669 1401 4741 θεραπείαν
1421 4674 1497 4745 παρά
1521 4675 1605 4739 πόδας
1619 4674 1755 4740 ὑπέδειξε.

133 4747 263 4813 peculum
281 4749 448 4817 percuntium
465 4759 491 4803 et
507 4749 645 4803 bominum
661 4766 707 4805 eas
729 4751 912 4833 ambientium
970 4753 1025 4824 Τὴν
1045 4754 1099 4826 γάρ
1125 4756 1162 4828 μὴ
1178 4753 1260 4811 οὖσάν
1277 4776 1343 4813 ποτε
1363 4763 1464 4833 πηγὴν,
1489 4764 1558 4833 μήτε
1584 4764 1663 4834 παρά
1682 4780 1756 4829 τινος

134 4836 254 4898 miserta,
279 4839 442 4891 medicinam
469 4841 706 4908 praesentissimam
727 4836 850 4911 protinus
873 4842 916 4897 in·
969 4844 1100 4916 ἡμῶν,η
1126 4847 1173 4898 καί
1196 4848 1251 4901 τῶν
1275 4850 1461 4922 παλαιοτέρων
1487 4853 1628 4922 ὀφθεῖσαν,
1652 4853 1754 4927 ἀθράον

134 4922 217 4976 (licat.
245 4925 356 4979 Fontem
370 4930 440 4981 cuim
467 4945 602 4998 uunquam
621 4941 698 4985 antea
723 4935 913 4999 etsisieulem,
968 4933 1116 4988 ἀναάκύσαι
1146 4939 1370 5008 παρασκευάζει·
1398 4944 1603 5011 παρασκευάζει
1631 4944 1661 4999 δὲ
1688 4945 1753 5000 οὔτε

135 5027 223 5081 noque
238 5016 272 5068 ab
290 5017 342 5070 ullo
358 5028 479 5072 nostrum
494 5032 541 5074 aut
556 5023 705 5090 priscorum
728 5036 915 5095 conspectum,
966 5026 1070 5098 πόρρω,
1086 5026 1147 5081 obas
1162 5031 1191 5082 ἐν
1209 5029 1340 5102 ἀλλοτρίῳ
1359 5032 1449 5106 χὼριρ,
1469 5035 1527 5088 ἀλλ’
1540 5038 1569 5088 ἐν
1583 5028 1662 5107 ᾧπερ
1676 5037 1756 5106 τόπῳ.

135 5101 225 5156 subito
239 5103 412 5159 ebullientem
423 5104 521 5171 efficit3
542 5108 622 5176 itique
640 5122 691 5163 nou
708 5112 812 5178 procul,
829 5121 874 5165 aut
888 5114 914 5166 in
966 5116 1044 5171 πάλιν
1060 5118 1145 5188 αὐτῆς
1159 5122 1217 5173 ἐστι
1232 5122 1262 5174 τὸ
1275 5124 1397 5194 τέμενος.
1411 5127 1497 5180 Τοῦτο
1512 5128 1541 5182 δέ
1556 5130 1631 5182 ἐστιν
1651 5130 1751 5202 άντρον

132 5197 225 5241 extera
244 5194 368 5288 quapiam
393 5195 520 5262 regionc;
536 5197 583 5251 sed
603 5198 630 5267 ln
650 5213 683 5251 eo
704 5199 761 5266 ipso
781 5201 849 5264 loco,
868 5203 912 5256 ubi
965 5206 1032 5274 πρδς
1049 5207 1167 5279 ἑσπέραν
1186 5210 1328 5266 αὐτοῦτοῦ
1344 5215 1396 5267 νεὼ
1416 5216 1463 5269 καί
1483 5219 1667 5290 κατάντικρυς
1691 5221 1749 5274 καί·

132 5286 237 5325 rursum
254 5279 340 5332 etalem
364 5282 492 5336 sacellum
512 5292 554 5338 est
580 5285 742 5338 dedicatum.
760 5287 808 5340 Est
821 5299 910 5342 autem
966 5309 1064 5361 μενον·
1090 5297 1266 5367 χαριέστατον
1287 5301 1317 5354 δὲ
1342 5304 1388 5356 καί
1414 5305 1671 5376 ἐπιτερπνέοτατον,
1702 5309 1750 5363 καί

134 5360 184 5460 boc
199 5368 306 5416 autrum
328 5381 350 5466 e·
367 5368 626 5468 regionetentpliatl
644 5372 726 5426 solem
741 5376 910 5433 occidentem
965 5384 1063 5456 πολλὴν
1088 5387 1148 5457 ἕχον
1168 5387 1217 5460 τὴν
1241 5390 1335 5462 ἡδονὴν
1361 5392 1467 5463 βαδίσαι
1490 5414 1521 5450 τε
1546 5400 1590 5450 ἐπ’
1608 5399 1684 5470 αὐτῷ
1701 5399 1750 5455 καί

132 5461 226 5514 attam,
252 5463 463 5512 atnoemssnuum
490 5476 523 5515 ac
552 5459 758 5528 satarissimum,
788 5469 912 5536 aproniane
964 5475 1197 5548 ἐμφιλοχωρῆται,
1215 5481 1262 5534 καί
1285 5483 1346 5536 καθ’
1364 5486 1480 5556 ἡσυχίαν
1497 5488 1596 5561 πολλὴν
1616 5488 1747 5555 εὔξασθαί

166 5645 267 5702 'licler
281 5645 314 5700 ml
331 5647 487 5702 uriraculum
505 5652 538 5704 [λ’
556 5670 608 5722 qtto
622 5657 716 5712 similit
731 5661 854 5740 cllicaciae
869 5664 1005 5723 laracrttnt
1023 5672 1193 5728 closeribitur.
1238 5678 1314 5730 ἰἰτί
1331 5679 1367 5732 al.
1399 5682 1408 5712 ⁸
1425 5682 1442 5733 l.
1460 5682 1565 5752 ἀνέδην.
