<?xml version="1.0" encoding="UTF-8"?>
<!DOCTYPE html PUBLIC "-//W3C//DTD XHTML 1.0 Transitional//EN"
    "http://www.w3.org/TR/xhtml1/DTD/xhtml1-transitional.dtd">
<html xmlns="http://www.w3.org/1999/xhtml" xml:lang="en" lang="en">
 <head>
  <title>
</title>
<meta http-equiv="Content-Type" content="text/html;charset=utf-8" />
  <meta name='ocr-system' content='tesseract 3.04.00' />
  <meta name='ocr-capabilities' content='ocr_page ocr_carea ocr_par ocr_line ocrx_word'/>
</head>
<body>
  <div class='ocr_page' id='page_1' title='image "./patrologicursus79migngoog/patrologicursus79migngoog_0537.png"; bbox 0 0 3817 6075; ppageno 0'>
   <div class='ocr_carea' id='block_1_1' title="bbox 143 322 1782 2869">
    <p class='ocr_par' dir='ltr' id='par_1_1' title="bbox 151 322 1782 406">
     <span class='ocr_line' id='line_1_1' title="bbox 151 322 1782 406; baseline 0.011 -21"><span class='ocrx_word' id='word_1_1' title='bbox 151 322 217 388; x_wconf 80' lang='lat' dir='ltr'><strong>tuti</strong></span> <span class='ocrx_word' id='word_1_2' title='bbox 645 328 873 389; x_wconf 63' lang='lat' dir='ltr'><strong>utsPU‘tatTtO</strong></span> <span class='ocrx_word' id='word_1_3' title='bbox 891 330 940 389; x_wconf 82' lang='lat' dir='ltr'><strong>DE</strong></span> <span class='ocrx_word' id='word_1_4' title='bbox 960 332 1086 394; x_wconf 79' lang='lat' dir='ltr'><strong>MUNDI</strong></span> <span class='ocrx_word' id='word_1_5' title='bbox 1105 333 1281 396; x_wconf 77' lang='lat' dir='ltr'>OPlFlCIO.</span> <span class='ocrx_word' id='word_1_6' title='bbox 1711 338 1782 406; x_wconf 77' lang='grc' dir='ltr'><strong>10ίὲ</strong></span> 
     </span>
    </p>

    <p class='ocr_par' dir='ltr' id='par_1_2' title="bbox 184 431 1245 502">
     <span class='ocr_line' id='line_1_2' title="bbox 184 431 1245 502; baseline 0.009 -16"><span class='ocrx_word' id='word_1_7' title='bbox 184 432 275 486; x_wconf 75' lang='lat' dir='ltr'><strong>diiii.</strong></span> <span class='ocrx_word' id='word_1_8' title='bbox 289 431 431 502; x_wconf 71' lang='grc' dir='ltr'><strong>Οὐδαμῶς.</strong></span> <span class='ocrx_word' id='word_1_9' title='bbox 953 444 975 499; x_wconf 78' lang='grc' dir='ltr'><strong>Α</strong></span> <span class='ocrx_word' id='word_1_10' title='bbox 1026 440 1245 496; x_wconf 70' lang='lat' dir='ltr'><strong>autumnitate.</strong></span> 
     </span>
    </p>

    <p class='ocr_par' dir='ltr' id='par_1_3' title="bbox 146 522 1779 1688">
     <span class='ocr_line' id='line_1_3' title="bbox 185 522 1779 603; baseline 0.015 -27"><span class='ocrx_word' id='word_1_11' title='bbox 185 522 299 576; x_wconf 74' lang='lat' dir='ltr'><strong>artur.</strong></span> <span class='ocrx_word' id='word_1_12' title='bbox 318 522 350 575; x_wconf 83' lang='lat' dir='ltr'><strong>tu</strong></span> <span class='ocrx_word' id='word_1_13' title='bbox 368 523 457 577; x_wconf 92' lang='grc' dir='ltr'><strong>τοίνυν</strong></span> <span class='ocrx_word' id='word_1_14' title='bbox 472 523 574 591; x_wconf 77' lang='grc' dir='ltr'><strong>ἀγαθάς</strong></span> <span class='ocrx_word' id='word_1_15' title='bbox 588 528 602 578; x_wconf 85' lang='grc' dir='ltr'><strong>δ</strong></span> <span class='ocrx_word' id='word_1_16' title='bbox 617 525 693 591; x_wconf 80' lang='grc' dir='ltr'><strong>Θεδς,</strong></span> <span class='ocrx_word' id='word_1_17' title='bbox 708 528 756 578; x_wconf 80' lang='grc' dir='ltr'><strong>καί</strong></span> <span class='ocrx_word' id='word_1_18' title='bbox 772 528 886 598; x_wconf 67' lang='grc' dir='ltr'><strong>ποιητὴς</strong></span> <span class='ocrx_word' id='word_1_19' title='bbox 901 527 938 599; x_wconf 68' lang='grc' dir='ltr'><strong>(ά)</strong></span> <span class='ocrx_word' id='word_1_20' title='bbox 1025 530 1162 587; x_wconf 89' lang='lat' dir='ltr'><strong>cuutsr.</strong></span> <span class='ocrx_word' id='word_1_21' title='bbox 1180 531 1208 587; x_wconf 86' lang='lat' dir='ltr'><strong>si</strong></span> <span class='ocrx_word' id='word_1_22' title='bbox 1227 530 1310 603; x_wconf 74' lang='lat' dir='ltr'><strong>igitur</strong></span> <span class='ocrx_word' id='word_1_23' title='bbox 1336 533 1423 589; x_wconf 84' lang='lat' dir='ltr'><strong>bonus</strong></span> <span class='ocrx_word' id='word_1_24' title='bbox 1440 536 1522 601; x_wconf 84' lang='lat' dir='ltr'><strong>Deus,</strong></span> <span class='ocrx_word' id='word_1_25' title='bbox 1539 546 1567 592; x_wconf 85' lang='lat' dir='ltr'><strong>et</strong></span> <span class='ocrx_word' id='word_1_26' title='bbox 1591 539 1703 597; x_wconf 82' lang='lat' dir='ltr'><strong>eiieotor</strong></span> <span class='ocrx_word' id='word_1_27' title='bbox 1725 542 1779 599; x_wconf 83' lang='lat' dir='ltr'><strong>So·</strong></span> 
     </span>
     <span class='ocr_line' id='line_1_4' title="bbox 148 613 1779 703; baseline 0.015 -37"><span class='ocrx_word' id='word_1_28' title='bbox 148 613 312 683; x_wconf 74' lang='grc' dir='ltr'><strong>Σωκράτους</strong></span> <span class='ocrx_word' id='word_1_29' title='bbox 326 614 375 667; x_wconf 78' lang='grc' dir='ltr'><strong>καί</strong></span> <span class='ocrx_word' id='word_1_30' title='bbox 394 613 556 678; x_wconf 76' lang='grc' dir='ltr'><strong>Πλάτωνος,</strong></span> <span class='ocrx_word' id='word_1_31' title='bbox 572 617 620 670; x_wconf 77' lang='grc' dir='ltr'><strong>καί</strong></span> <span class='ocrx_word' id='word_1_32' title='bbox 636 616 690 671; x_wconf 83' lang='grc' dir='ltr'><strong>τῶν</strong></span> <span class='ocrx_word' id='word_1_33' title='bbox 704 619 775 672; x_wconf 85' lang='grc' dir='ltr'><strong>κατά</strong></span> <span class='ocrx_word' id='word_1_34' title='bbox 796 618 879 689; x_wconf 86' lang='grc' dir='ltr'><strong>μέρος</strong></span> <span class='ocrx_word' id='word_1_35' title='bbox 893 620 941 672; x_wconf 78' lang='grc' dir='ltr'><strong>ἀν·</strong></span> <span class='ocrx_word' id='word_1_36' title='bbox 991 623 1075 678; x_wconf 86' lang='lat' dir='ltr'><strong>eratis</strong></span> <span class='ocrx_word' id='word_1_37' title='bbox 1087 634 1114 676; x_wconf 84' lang='lat' dir='ltr'><strong>at</strong></span> <span class='ocrx_word' id='word_1_38' title='bbox 1131 622 1253 678; x_wconf 75' lang='lat' dir='ltr'><strong>Platonis</strong></span> <span class='ocrx_word' id='word_1_39' title='bbox 1273 633 1300 678; x_wconf 90' lang='lat' dir='ltr'><strong>et</strong></span> <span class='ocrx_word' id='word_1_40' title='bbox 1328 623 1496 691; x_wconf 77' lang='lat' dir='ltr'><strong>otnqutamm</strong></span> <span class='ocrx_word' id='word_1_41' title='bbox 1513 626 1664 698; x_wconf 81' lang='lat' dir='ltr'><strong>hominnm,</strong></span> <span class='ocrx_word' id='word_1_42' title='bbox 1682 633 1727 703; x_wconf 92' lang='lat' dir='ltr'><strong>qui</strong></span> <span class='ocrx_word' id='word_1_43' title='bbox 1751 641 1779 691; x_wconf 89' lang='lat' dir='ltr'><strong>et</strong></span> 
     </span>
     <span class='ocr_line' id='line_1_5' title="bbox 148 702 1779 794; baseline 0.015 -39"><span class='ocrx_word' id='word_1_44' title='bbox 148 703 267 774; x_wconf 83' lang='grc' dir='ltr'><strong>θρώπων</strong></span> <span class='ocrx_word' id='word_1_45' title='bbox 282 702 375 757; x_wconf 78' lang='grc' dir='ltr'><strong>καλῶν</strong></span> <span class='ocrx_word' id='word_1_46' title='bbox 397 703 481 758; x_wconf 76' lang='grc' dir='ltr'><strong>άντων</strong></span> <span class='ocrx_word' id='word_1_47' title='bbox 504 707 551 760; x_wconf 86' lang='grc' dir='ltr'><strong>καί</strong></span> <span class='ocrx_word' id='word_1_48' title='bbox 567 710 596 761; x_wconf 84' lang='grc' dir='ltr'><strong>έν</strong></span> <span class='ocrx_word' id='word_1_49' title='bbox 619 709 708 781; x_wconf 81' lang='grc' dir='ltr'>χρόνῳ</span> <span class='ocrx_word' id='word_1_50' title='bbox 723 710 874 781; x_wconf 73' lang='grc' dir='ltr'><strong>γινομένων</strong></span> <span class='ocrx_word' id='word_1_51' title='bbox 893 713 940 764; x_wconf 83' lang='grc' dir='ltr'><strong>καί</strong></span> <span class='ocrx_word' id='word_1_52' title='bbox 990 713 1094 782; x_wconf 77' lang='lat' dir='ltr'>pulchri</span> <span class='ocrx_word' id='word_1_53' title='bbox 1110 723 1183 778; x_wconf 81' lang='lat' dir='ltr'><strong>susat,</strong></span> <span class='ocrx_word' id='word_1_54' title='bbox 1200 721 1227 767; x_wconf 80' lang='lat' dir='ltr'><strong>et</strong></span> <span class='ocrx_word' id='word_1_55' title='bbox 1244 717 1404 783; x_wconf 80' lang='lat' dir='ltr'><strong>intempore</strong></span> <span class='ocrx_word' id='word_1_56' title='bbox 1420 714 1494 782; x_wconf 82' lang='lat' dir='ltr'><strong>iacti,</strong></span> <span class='ocrx_word' id='word_1_57' title='bbox 1513 727 1540 771; x_wconf 83' lang='lat' dir='ltr'><strong>et</strong></span> <span class='ocrx_word' id='word_1_58' title='bbox 1561 721 1779 794; x_wconf 63' lang='lat' dir='ltr'><strong>mortuamque</strong></span> 
     </span>
     <span class='ocr_line' id='line_1_6' title="bbox 147 795 1779 879; baseline 0.014 -33"><span class='ocrx_word' id='word_1_59' title='bbox 147 795 373 865; x_wconf 74' lang='grc' dir='ltr'><strong>ἀπογινομένων·</strong></span> <span class='ocrx_word' id='word_1_60' title='bbox 391 796 438 849; x_wconf 76' lang='grc' dir='ltr'><strong>καί</strong></span> <span class='ocrx_word' id='word_1_61' title='bbox 451 797 529 852; x_wconf 75' lang='grc' dir='ltr'><strong>οὐδὲν</strong></span> <span class='ocrx_word' id='word_1_62' title='bbox 541 800 614 870; x_wconf 80' lang='grc' dir='ltr'><strong>ὁτῆς</strong></span> <span class='ocrx_word' id='word_1_63' title='bbox 627 799 795 872; x_wconf 81' lang='grc' dir='ltr'><strong>ἀγαθδτητος</strong></span> <span class='ocrx_word' id='word_1_64' title='bbox 811 801 859 857; x_wconf 80' lang='grc' dir='ltr'><strong>τοῦ</strong></span> <span class='ocrx_word' id='word_1_65' title='bbox 871 802 940 856; x_wconf 78' lang='grc' dir='ltr'><strong>Θεοῦ</strong></span> <span class='ocrx_word' id='word_1_66' title='bbox 991 803 1137 874; x_wconf 80' lang='lat' dir='ltr'>quidquam</span> <span class='ocrx_word' id='word_1_67' title='bbox 1157 802 1288 858; x_wconf 83' lang='lat' dir='ltr'><strong>hostitatis</strong></span> <span class='ocrx_word' id='word_1_68' title='bbox 1315 802 1361 858; x_wconf 83' lang='lat' dir='ltr'><strong>Dei</strong></span> <span class='ocrx_word' id='word_1_69' title='bbox 1383 804 1591 877; x_wconf 64' lang='lat' dir='ltr'><strong>annotandum</strong></span> <span class='ocrx_word' id='word_1_70' title='bbox 1617 812 1639 866; x_wconf 93' lang='lat' dir='ltr'><strong>si</strong></span> <span class='ocrx_word' id='word_1_71' title='bbox 1654 814 1724 879; x_wconf 77' lang='lat' dir='ltr'><strong>tane,</strong></span> <span class='ocrx_word' id='word_1_72' title='bbox 1738 814 1779 869; x_wconf 90' lang='lat' dir='ltr'><strong>ta·</strong></span> 
     </span>
     <span class='ocr_line' id='line_1_7' title="bbox 149 885 1779 965; baseline 0.011 -26"><span class='ocrx_word' id='word_1_73' title='bbox 149 885 300 958; x_wconf 79' lang='grc' dir='ltr'><strong>βλάπτεται</strong></span> <span class='ocrx_word' id='word_1_74' title='bbox 311 887 390 955; x_wconf 83' lang='grc' dir='ltr'><strong>λόγος</strong></span> <span class='ocrx_word' id='word_1_75' title='bbox 399 888 438 959; x_wconf 68' lang='grc' dir='ltr'><strong>(ὅ)</strong></span> <span class='ocrx_word' id='word_1_76' title='bbox 449 906 455 919; x_wconf 93' lang='grc'><strong>·</strong></span> <span class='ocrx_word' id='word_1_77' title='bbox 468 888 570 943; x_wconf 76' lang='grc' dir='ltr'><strong>τούτων</strong></span> <span class='ocrx_word' id='word_1_78' title='bbox 580 890 667 957; x_wconf 69' lang='grc' dir='ltr'><strong>οὕτως</strong></span> <span class='ocrx_word' id='word_1_79' title='bbox 681 895 808 962; x_wconf 73' lang='grc' dir='ltr'><strong>ἑχόντων,</strong></span> <span class='ocrx_word' id='word_1_80' title='bbox 818 893 878 958; x_wconf 84' lang='grc' dir='ltr'><strong>πῶς</strong></span> <span class='ocrx_word' id='word_1_81' title='bbox 890 894 940 949; x_wconf 77' lang='grc' dir='ltr'><strong>οὐκ</strong></span> <span class='ocrx_word' id='word_1_82' title='bbox 990 908 1081 961; x_wconf 83' lang='grc' dir='ltr'><strong>ηιιοιιι,</strong></span> <span class='ocrx_word' id='word_1_83' title='bbox 1104 891 1194 947; x_wconf 86' lang='lat' dir='ltr'><strong>otunia</strong></span> <span class='ocrx_word' id='word_1_84' title='bbox 1216 891 1255 947; x_wconf 89' lang='lat' dir='ltr'><strong>sic</strong></span> <span class='ocrx_word' id='word_1_85' title='bbox 1274 906 1304 947; x_wconf 87' lang='lat' dir='ltr'><strong>se</strong></span> <span class='ocrx_word' id='word_1_86' title='bbox 1323 891 1433 958; x_wconf 78' lang='lat' dir='ltr'><strong>liabent,</strong></span> <span class='ocrx_word' id='word_1_87' title='bbox 1448 909 1502 964; x_wconf 89' lang='lat' dir='ltr'><strong>quo</strong></span> <span class='ocrx_word' id='word_1_88' title='bbox 1526 908 1605 965; x_wconf 87' lang='lat' dir='ltr'><strong>pacto</strong></span> <span class='ocrx_word' id='word_1_89' title='bbox 1620 914 1672 955; x_wconf 91' lang='lat' dir='ltr'><strong>nou</strong></span> <span class='ocrx_word' id='word_1_90' title='bbox 1691 902 1779 958; x_wconf 80' lang='lat' dir='ltr'><strong>bontas</strong></span> 
     </span>
     <span class='ocr_line' id='line_1_8' title="bbox 147 978 1779 1057; baseline 0.009 -25"><span class='ocrx_word' id='word_1_91' title='bbox 147 979 251 1045; x_wconf 84' lang='grc' dir='ltr'><strong>άγαίνδς</strong></span> <span class='ocrx_word' id='word_1_92' title='bbox 268 978 315 1031; x_wconf 78' lang='grc' dir='ltr'><strong>καί</strong></span> <span class='ocrx_word' id='word_1_93' title='bbox 328 980 386 1032; x_wconf 80' lang='grc' dir='ltr'><strong>τάδε</strong></span> <span class='ocrx_word' id='word_1_94' title='bbox 404 979 436 1033; x_wconf 85' lang='grc' dir='ltr'><strong>τδ</strong></span> <span class='ocrx_word' id='word_1_95' title='bbox 455 983 510 1035; x_wconf 82' lang='grc' dir='ltr'><strong>πάν</strong></span> <span class='ocrx_word' id='word_1_96' title='bbox 531 982 720 1053; x_wconf 75' lang='grc' dir='ltr'><strong>δημιουργῶν·</strong></span> <span class='ocrx_word' id='word_1_97' title='bbox 739 984 792 1038; x_wconf 74' lang='lat' dir='ltr'><strong>uita</strong></span> <span class='ocrx_word' id='word_1_98' title='bbox 806 985 851 1038; x_wconf 84' lang='grc' dir='ltr'><strong>διε</strong></span> <span class='ocrx_word' id='word_1_99' title='bbox 876 984 939 1056; x_wconf 81' lang='grc' dir='ltr'><strong>βοά·</strong></span> <span class='ocrx_word' id='word_1_100' title='bbox 989 984 1200 1051; x_wconf 81' lang='lat' dir='ltr'><strong>existimabitur,</strong></span> <span class='ocrx_word' id='word_1_101' title='bbox 1212 982 1726 1057; x_wconf 80' lang='lat' dir='ltr'><strong>quatenushane270uniaersitatem</strong></span> <span class='ocrx_word' id='word_1_102' title='bbox 1738 991 1779 1046; x_wconf 86' lang='lat' dir='ltr'><strong>ia·</strong></span> 
     </span>
     <span class='ocr_line' id='line_1_9' title="bbox 147 1067 1778 1149; baseline 0.011 -29"><span class='ocrx_word' id='word_1_103' title='bbox 147 1067 230 1137; x_wconf 86' lang='grc' dir='ltr'><strong>ληται</strong></span> <span class='ocrx_word' id='word_1_104' title='bbox 243 1067 397 1138; x_wconf 74' lang='grc' dir='ltr'><strong>δημιουργῇ</strong></span> <span class='ocrx_word' id='word_1_105' title='bbox 415 1068 465 1140; x_wconf 81' lang='grc' dir='ltr'><strong>(δ),</strong></span> <span class='ocrx_word' id='word_1_106' title='bbox 488 1070 536 1124; x_wconf 83' lang='grc' dir='ltr'><strong>καί</strong></span> <span class='ocrx_word' id='word_1_107' title='bbox 555 1069 630 1123; x_wconf 85' lang='grc' dir='ltr'><strong>λύων</strong></span> <span class='ocrx_word' id='word_1_108' title='bbox 651 1074 698 1126; x_wconf 74' lang='grc' dir='ltr'><strong>καὶ</strong></span> <span class='ocrx_word' id='word_1_109' title='bbox 723 1074 938 1143; x_wconf 78' lang='grc' dir='ltr'><strong>μετασκευάζων</strong></span> <span class='ocrx_word' id='word_1_110' title='bbox 990 1075 1116 1137; x_wconf 81' lang='lat' dir='ltr'><strong>brieatit.</strong></span> <span class='ocrx_word' id='word_1_111' title='bbox 1128 1075 1324 1145; x_wconf 83' lang='lat' dir='ltr'><strong>quamsiseum</strong></span> <span class='ocrx_word' id='word_1_112' title='bbox 1340 1074 1390 1144; x_wconf 89' lang='lat' dir='ltr'><strong>ipsi</strong></span> <span class='ocrx_word' id='word_1_113' title='bbox 1401 1086 1429 1131; x_wconf 92' lang='lat' dir='ltr'><strong>et</strong></span> <span class='ocrx_word' id='word_1_114' title='bbox 1443 1078 1552 1146; x_wconf 86' lang='lat' dir='ltr'><strong>quidem</strong></span> <span class='ocrx_word' id='word_1_115' title='bbox 1567 1080 1616 1135; x_wconf 82' lang='lat' dir='ltr'><strong>soti</strong></span> <span class='ocrx_word' id='word_1_116' title='bbox 1631 1081 1778 1149; x_wconf 79' lang='lat' dir='ltr'><strong>ridebitur,</strong></span> 
     </span>
     <span class='ocr_line' id='line_1_10' title="bbox 146 1157 1777 1242; baseline 0.01 -31"><span class='ocrx_word' id='word_1_117' title='bbox 146 1158 201 1227; x_wconf 84' lang='grc' dir='ltr'><strong>ὅπη</strong></span> <span class='ocrx_word' id='word_1_118' title='bbox 224 1157 299 1227; x_wconf 80' lang='grc' dir='ltr'><strong>αὐτῷ</strong></span> <span class='ocrx_word' id='word_1_119' title='bbox 314 1158 404 1224; x_wconf 78' lang='grc' dir='ltr'><strong>δοκεῖ,</strong></span> <span class='ocrx_word' id='word_1_120' title='bbox 424 1161 471 1215; x_wconf 79' lang='grc' dir='ltr'><strong>καί</strong></span> <span class='ocrx_word' id='word_1_121' title='bbox 487 1160 526 1227; x_wconf 84' lang='grc' dir='ltr'><strong>ὡς</strong></span> <span class='ocrx_word' id='word_1_122' title='bbox 551 1161 585 1217; x_wconf 83' lang='grc' dir='ltr'><strong>ἂν</strong></span> <span class='ocrx_word' id='word_1_123' title='bbox 608 1162 683 1234; x_wconf 85' lang='grc' dir='ltr'><strong>αὐτῷ</strong></span> <span class='ocrx_word' id='word_1_124' title='bbox 708 1165 865 1237; x_wconf 70' lang='grc' dir='ltr'><strong>παρασταίη</strong></span> <span class='ocrx_word' id='word_1_125' title='bbox 889 1167 936 1219; x_wconf 80' lang='grc' dir='ltr'><strong>καί</strong></span> <span class='ocrx_word' id='word_1_126' title='bbox 986 1179 1047 1221; x_wconf 86' lang='lat' dir='ltr'><strong>eam</strong></span> <span class='ocrx_word' id='word_1_127' title='bbox 1067 1166 1163 1230; x_wconf 84' lang='lat' dir='ltr'><strong>satsat,</strong></span> <span class='ocrx_word' id='word_1_128' title='bbox 1179 1174 1205 1221; x_wconf 89' lang='lat' dir='ltr'><strong>et</strong></span> <span class='ocrx_word' id='word_1_129' title='bbox 1219 1165 1440 1222; x_wconf 74' lang='lat' dir='ltr'><strong>diruatidunon</strong></span> <span class='ocrx_word' id='word_1_130' title='bbox 1468 1171 1563 1235; x_wconf 85' lang='lat' dir='ltr'><strong>sentia,</strong></span> <span class='ocrx_word' id='word_1_131' title='bbox 1583 1174 1777 1242; x_wconf 71' lang='lat' dir='ltr'><strong>praecinuerit,</strong></span> 
     </span>
     <span class='ocr_line' id='line_1_11' title="bbox 149 1245 1777 1331; baseline 0.014 -30"><span class='ocrx_word' id='word_1_132' title='bbox 149 1246 936 1330; x_wconf 78' lang='grc' dir='ltr'><strong>μάνῳ(5);Ἢοὺκαίσθάνη,ὧδαιμόνιε,ὼςάτάμίρη</strong></span> <span class='ocrx_word' id='word_1_133' title='bbox 988 1259 1059 1328; x_wconf 90' lang='lat' dir='ltr'><strong>quod</strong></span> <span class='ocrx_word' id='word_1_134' title='bbox 1085 1245 1131 1331; x_wconf 83' lang='lat' dir='ltr'><strong>qui</strong></span> <span class='ocrx_word' id='word_1_135' title='bbox 1163 1268 1256 1327; x_wconf 85' lang='lat' dir='ltr'><strong>partes</strong></span> <span class='ocrx_word' id='word_1_136' title='bbox 1283 1257 1397 1314; x_wconf 82' lang='lat' dir='ltr'><strong>interire</strong></span> <span class='ocrx_word' id='word_1_137' title='bbox 1422 1263 1557 1329; x_wconf 84' lang='lat' dir='ltr'><strong>concedit,</strong></span> <span class='ocrx_word' id='word_1_138' title='bbox 1584 1265 1667 1320; x_wconf 83' lang='lat' dir='ltr'><strong>etiam</strong></span> <span class='ocrx_word' id='word_1_139' title='bbox 1691 1277 1777 1323; x_wconf 87' lang='lat' dir='ltr'><strong>totum</strong></span> 
     </span>
     <span class='ocr_line' id='line_1_12' title="bbox 149 1339 1777 1422; baseline 0.011 -29"><span class='ocrx_word' id='word_1_140' title='bbox 149 1340 309 1413; x_wconf 80' lang='grc' dir='ltr'><strong>φθείρεσθαι</strong></span> <span class='ocrx_word' id='word_1_141' title='bbox 321 1342 481 1412; x_wconf 87' lang='grc' dir='ltr'><strong>συγχωρῶν,</strong></span> <span class='ocrx_word' id='word_1_142' title='bbox 491 1344 650 1398; x_wconf 72' lang='grc' dir='ltr'><strong>καίτδόλον</strong></span> <span class='ocrx_word' id='word_1_143' title='bbox 664 1346 698 1399; x_wconf 79' lang='grc' dir='ltr'><strong>τά</strong></span> <span class='ocrx_word' id='word_1_144' title='bbox 708 1347 778 1401; x_wconf 70' lang='grc' dir='ltr'><strong>αὐτὰ</strong></span> <span class='ocrx_word' id='word_1_145' title='bbox 788 1347 938 1419; x_wconf 72' lang='grc' dir='ltr'><strong>παθήματα</strong></span> <span class='ocrx_word' id='word_1_146' title='bbox 989 1349 1084 1404; x_wconf 85' lang='lat' dir='ltr'><strong>iisdem</strong></span> <span class='ocrx_word' id='word_1_147' title='bbox 1108 1347 1296 1404; x_wconf 70' lang='lat' dir='ltr'><strong>affectionibus</strong></span> <span class='ocrx_word' id='word_1_148' title='bbox 1324 1347 1472 1404; x_wconf 80' lang='lat' dir='ltr'><strong>obnoxium</strong></span> <span class='ocrx_word' id='word_1_149' title='bbox 1504 1339 1565 1408; x_wconf 70' lang='lat' dir='ltr'><strong>osso</strong></span> <span class='ocrx_word' id='word_1_150' title='bbox 1589 1354 1777 1422; x_wconf 65' lang='lat' dir='ltr'><strong>ruitiouaios</strong></span> 
     </span>
     <span class='ocr_line' id='line_1_13' title="bbox 147 1433 1778 1515; baseline 0.011 -30"><span class='ocrx_word' id='word_1_151' title='bbox 147 1434 204 1495; x_wconf 81' lang='grc' dir='ltr'><strong>τοίς</strong></span> <span class='ocrx_word' id='word_1_152' title='bbox 221 1433 332 1497; x_wconf 76' lang='grc' dir='ltr'><strong>οἰκείοις</strong></span> <span class='ocrx_word' id='word_1_153' title='bbox 351 1434 464 1505; x_wconf 82' lang='grc' dir='ltr'><strong>μέρεσιν</strong></span> <span class='ocrx_word' id='word_1_154' title='bbox 484 1436 636 1506; x_wconf 80' lang='grc' dir='ltr'><strong>ὑποστῆναι</strong></span> <span class='ocrx_word' id='word_1_155' title='bbox 651 1436 793 1508; x_wconf 74' lang='grc' dir='ltr'><strong>βούλεταις</strong></span> <span class='ocrx_word' id='word_1_156' title='bbox 814 1434 867 1495; x_wconf 81' lang='grc' dir='ltr'><strong>Οἷα</strong></span> <span class='ocrx_word' id='word_1_157' title='bbox 884 1442 938 1514; x_wconf 89' lang='grc' dir='ltr'><strong>γάρ</strong></span> <span class='ocrx_word' id='word_1_158' title='bbox 988 1441 1060 1497; x_wconf 89' lang='lat' dir='ltr'><strong>enim</strong></span> <span class='ocrx_word' id='word_1_159' title='bbox 1086 1439 1186 1494; x_wconf 82' lang='lat' dir='ltr'><strong>inerint</strong></span> <span class='ocrx_word' id='word_1_160' title='bbox 1208 1446 1299 1509; x_wconf 83' lang='lat' dir='ltr'><strong>paries</strong></span> <span class='ocrx_word' id='word_1_161' title='bbox 1318 1438 1482 1506; x_wconf 70' lang='lat' dir='ltr'><strong>nunquia</strong></span> <span class='ocrx_word' id='word_1_162' title='bbox 1511 1457 1572 1498; x_wconf 84' lang='lat' dir='ltr'><strong>esse</strong></span> <span class='ocrx_word' id='word_1_163' title='bbox 1595 1451 1680 1498; x_wconf 89' lang='lat' dir='ltr'><strong>totum</strong></span> <span class='ocrx_word' id='word_1_164' title='bbox 1700 1448 1778 1515; x_wconf 78' lang='lat' dir='ltr'><strong>ottjus</strong></span> 
     </span>
     <span class='ocr_line' id='line_1_14' title="bbox 148 1519 1347 1600; baseline 0.005 -23"><span class='ocrx_word' id='word_1_165' title='bbox 148 1523 183 1577; x_wconf 82' lang='grc' dir='ltr'><strong>ἂν</strong></span> <span class='ocrx_word' id='word_1_166' title='bbox 196 1519 266 1597; x_wconf 75' lang='grc' dir='ltr'><strong>ᾖ·τά</strong></span> <span class='ocrx_word' id='word_1_167' title='bbox 283 1524 355 1595; x_wconf 92' lang='grc' dir='ltr'><strong>μέρη</strong></span> <span class='ocrx_word' id='word_1_168' title='bbox 372 1524 420 1579; x_wconf 82' lang='grc' dir='ltr'><strong>τοῦ</strong></span> <span class='ocrx_word' id='word_1_169' title='bbox 435 1524 508 1593; x_wconf 79' lang='grc' dir='ltr'><strong>ὅλου,</strong></span> <span class='ocrx_word' id='word_1_170' title='bbox 528 1525 648 1581; x_wconf 79' lang='grc' dir='ltr'><strong>τοιοῦτον</strong></span> <span class='ocrx_word' id='word_1_171' title='bbox 661 1524 730 1583; x_wconf 73' lang='grc' dir='ltr'><strong>εἶναι</strong></span> <span class='ocrx_word' id='word_1_172' title='bbox 747 1530 794 1583; x_wconf 86' lang='grc' dir='ltr'><strong>καί</strong></span> <span class='ocrx_word' id='word_1_173' title='bbox 816 1529 847 1583; x_wconf 81' lang='grc' dir='ltr'><strong>τά</strong></span> <span class='ocrx_word' id='word_1_174' title='bbox 865 1530 936 1600; x_wconf 83' lang='grc' dir='ltr'><strong>ὅλον,</strong></span> <span class='ocrx_word' id='word_1_175' title='bbox 987 1538 1051 1586; x_wconf 83' lang='lat' dir='ltr'><strong>sunt</strong></span> <span class='ocrx_word' id='word_1_176' title='bbox 1067 1539 1281 1599; x_wconf 84' lang='lat' dir='ltr'><strong>partesneoesse</strong></span> <span class='ocrx_word' id='word_1_177' title='bbox 1294 1538 1347 1584; x_wconf 85' lang='lat' dir='ltr'><strong>est.</strong></span> 
     </span>
     <span class='ocr_line' id='line_1_15' title="bbox 146 1610 511 1688; baseline 0.014 -20"><span class='ocrx_word' id='word_1_178' title='bbox 146 1610 179 1668; x_wconf 76' lang='lat' dir='ltr'><strong>ot</strong></span> <span class='ocrx_word' id='word_1_179' title='bbox 190 1614 224 1668; x_wconf 88' lang='grc' dir='ltr'><strong>τά</strong></span> <span class='ocrx_word' id='word_1_180' title='bbox 239 1616 322 1687; x_wconf 82' lang='grc' dir='ltr'><strong>μέρη,</strong></span> <span class='ocrx_word' id='word_1_181' title='bbox 337 1615 444 1687; x_wconf 77' lang='grc' dir='ltr'><strong>ἀνάγκη</strong></span> <span class='ocrx_word' id='word_1_182' title='bbox 461 1617 511 1688; x_wconf 87' lang='grc'><strong>(6).</strong></span> 
     </span>
    </p>

    <p class='ocr_par' dir='ltr' id='par_1_4' title="bbox 143 1704 1780 2235">
     <span class='ocr_line' id='line_1_16' title="bbox 183 1704 1780 1783; baseline 0.009 -22"><span class='ocrx_word' id='word_1_183' title='bbox 183 1708 273 1764; x_wconf 73' lang='lat' dir='ltr'><strong>diiii.</strong></span> <span class='ocrx_word' id='word_1_184' title='bbox 287 1708 346 1761; x_wconf 75' lang='lat' dir='ltr'><strong>uox</strong></span> <span class='ocrx_word' id='word_1_185' title='bbox 361 1704 420 1762; x_wconf 84' lang='grc' dir='ltr'><strong>οίδα</strong></span> <span class='ocrx_word' id='word_1_186' title='bbox 440 1710 533 1764; x_wconf 83' lang='grc' dir='ltr'><strong>ὅντινά</strong></span> <span class='ocrx_word' id='word_1_187' title='bbox 559 1729 606 1783; x_wconf 89' lang='grc' dir='ltr'><strong>μοι</strong></span> <span class='ocrx_word' id='word_1_188' title='bbox 623 1714 723 1783; x_wconf 79' lang='grc' dir='ltr'><strong>τρίπον</strong></span> <span class='ocrx_word' id='word_1_189' title='bbox 742 1712 833 1777; x_wconf 77' lang='grc' dir='ltr'><strong>δοκεῖς</strong></span> <span class='ocrx_word' id='word_1_190' title='bbox 847 1709 877 1769; x_wconf 80' lang='grc' dir='ltr'><strong>εὖ</strong></span> <span class='ocrx_word' id='word_1_191' title='bbox 890 1711 937 1767; x_wconf 78' lang='grc' dir='ltr'><strong>λέ-</strong></span> <span class='ocrx_word' id='word_1_192' title='bbox 1024 1707 1111 1767; x_wconf 73' lang='lat' dir='ltr'><strong>diiii.</strong></span> <span class='ocrx_word' id='word_1_193' title='bbox 1124 1708 1222 1766; x_wconf 74' lang='lat' dir='ltr'><strong>neseio</strong></span> <span class='ocrx_word' id='word_1_194' title='bbox 1235 1709 1282 1779; x_wconf 90' lang='lat' dir='ltr'><strong>qui</strong></span> <span class='ocrx_word' id='word_1_195' title='bbox 1294 1708 1361 1765; x_wconf 85' lang='lat' dir='ltr'><strong>mtnt</strong></span> <span class='ocrx_word' id='word_1_196' title='bbox 1378 1719 1453 1778; x_wconf 79' lang='lat' dir='ltr'><strong>reete</strong></span> <span class='ocrx_word' id='word_1_197' title='bbox 1465 1711 1557 1769; x_wconf 80' lang='lat' dir='ltr'><strong>dicere</strong></span> <span class='ocrx_word' id='word_1_198' title='bbox 1569 1713 1688 1773; x_wconf 82' lang='lat' dir='ltr'><strong>ridearis</strong></span> <span class='ocrx_word' id='word_1_199' title='bbox 1702 1732 1711 1773; x_wconf 80' lang='lat' dir='ltr'><strong>t</strong></span> <span class='ocrx_word' id='word_1_200' title='bbox 1727 1718 1780 1775; x_wconf 87' lang='lat' dir='ltr'><strong>aii·</strong></span> 
     </span>
     <span class='ocr_line' id='line_1_17' title="bbox 145 1781 1778 1875; baseline 0.009 -24"><span class='ocrx_word' id='word_1_201' title='bbox 145 1813 223 1865; x_wconf 84' lang='grc' dir='ltr'><strong>γιιν·</strong></span> <span class='ocrx_word' id='word_1_202' title='bbox 238 1796 360 1852; x_wconf 78' lang='grc' dir='ltr'><strong>πέπονθα</strong></span> <span class='ocrx_word' id='word_1_203' title='bbox 375 1798 404 1853; x_wconf 82' lang='grc' dir='ltr'><strong>δέ</strong></span> <span class='ocrx_word' id='word_1_204' title='bbox 419 1816 447 1853; x_wconf 87' lang='grc' dir='ltr'><strong>τι</strong></span> <span class='ocrx_word' id='word_1_205' title='bbox 462 1801 527 1873; x_wconf 82' lang='grc' dir='ltr'><strong>περὶ</strong></span> <span class='ocrx_word' id='word_1_206' title='bbox 541 1802 571 1855; x_wconf 90' lang='grc' dir='ltr'><strong>τδ</strong></span> <span class='ocrx_word' id='word_1_207' title='bbox 582 1802 715 1875; x_wconf 77' lang='grc' dir='ltr'><strong>νμέτερον</strong></span> <span class='ocrx_word' id='word_1_208' title='bbox 726 1803 867 1875; x_wconf 78' lang='grc' dir='ltr'><strong>δάξασμα·</strong></span> <span class='ocrx_word' id='word_1_209' title='bbox 887 1806 935 1860; x_wconf 80' lang='grc' dir='ltr'><strong>καί</strong></span> <span class='ocrx_word' id='word_1_210' title='bbox 953 1781 1054 1873; x_wconf 78' lang='lat' dir='ltr'><strong>uquid</strong></span> <span class='ocrx_word' id='word_1_211' title='bbox 1079 1808 1170 1857; x_wconf 85' lang='lat' dir='ltr'><strong>autent</strong></span> <span class='ocrx_word' id='word_1_212' title='bbox 1190 1800 1279 1872; x_wconf 87' lang='lat' dir='ltr'><strong>patior</strong></span> <span class='ocrx_word' id='word_1_213' title='bbox 1304 1800 1378 1857; x_wconf 83' lang='lat' dir='ltr'><strong>eirea</strong></span> <span class='ocrx_word' id='word_1_214' title='bbox 1404 1810 1525 1858; x_wconf 80' lang='lat' dir='ltr'><strong>rostram</strong></span> <span class='ocrx_word' id='word_1_215' title='bbox 1545 1803 1711 1875; x_wconf 88' lang='lat' dir='ltr'><strong>opinionem,</strong></span> <span class='ocrx_word' id='word_1_216' title='bbox 1727 1824 1778 1868; x_wconf 84' lang='lat' dir='ltr'><strong>nee</strong></span> 
     </span>
     <span class='ocr_line' id='line_1_18' title="bbox 143 1886 1779 1964; baseline 0.009 -24"><span class='ocrx_word' id='word_1_217' title='bbox 143 1886 177 1941; x_wconf 84' lang='grc' dir='ltr'><strong>οὐ</strong></span> <span class='ocrx_word' id='word_1_218' title='bbox 202 1887 273 1942; x_wconf 87' lang='grc' dir='ltr'><strong>πάνυ</strong></span> <span class='ocrx_word' id='word_1_219' title='bbox 303 1905 344 1942; x_wconf 92' lang='grc' dir='ltr'><strong>σοι</strong></span> <span class='ocrx_word' id='word_1_220' title='bbox 373 1889 503 1962; x_wconf 84' lang='grc' dir='ltr'><strong>πείθομαι</strong></span> <span class='ocrx_word' id='word_1_221' title='bbox 531 1893 582 1961; x_wconf 77' lang='grc' dir='ltr'><strong>(Ἰ)</strong></span> <span class='ocrx_word' id='word_1_222' title='bbox 607 1893 665 1946; x_wconf 79' lang='grc' dir='ltr'><strong>ἀλλ’</strong></span> <span class='ocrx_word' id='word_1_223' title='bbox 688 1892 934 1964; x_wconf 77' lang='grc' dir='ltr'><strong>άπαναλαμάάνων,</strong></span> <span class='ocrx_word' id='word_1_224' title='bbox 987 1890 1066 1946; x_wconf 79' lang='lat' dir='ltr'><strong>vaide</strong></span> <span class='ocrx_word' id='word_1_225' title='bbox 1097 1890 1144 1948; x_wconf 86' lang='lat' dir='ltr'><strong>unt</strong></span> <span class='ocrx_word' id='word_1_226' title='bbox 1160 1889 1312 1960; x_wconf 75' lang='grc' dir='ltr'><strong>ααοτιιίίοτ(</strong></span> <span class='ocrx_word' id='word_1_227' title='bbox 1335 1891 1384 1946; x_wconf 82' lang='lat' dir='ltr'><strong>sed</strong></span> <span class='ocrx_word' id='word_1_228' title='bbox 1417 1901 1555 1960; x_wconf 82' lang='lat' dir='ltr'><strong>resumpto</strong></span> <span class='ocrx_word' id='word_1_229' title='bbox 1578 1906 1714 1962; x_wconf 81' lang='lat' dir='ltr'><strong>sermone.</strong></span> <span class='ocrx_word' id='word_1_230' title='bbox 1735 1911 1779 1954; x_wconf 86' lang='lat' dir='ltr'><strong>ro-</strong></span> 
     </span>
     <span class='ocr_line' id='line_1_19' title="bbox 144 1978 1778 2054; baseline 0.009 -25"><span class='ocrx_word' id='word_1_231' title='bbox 144 1978 234 2049; x_wconf 80' lang='grc' dir='ltr'><strong>ηημί·</strong></span> <span class='ocrx_word' id='word_1_232' title='bbox 250 1978 289 2042; x_wconf 81' lang='grc' dir='ltr'><strong>ὡς</strong></span> <span class='ocrx_word' id='word_1_233' title='bbox 305 1979 337 2032; x_wconf 82' lang='grc' dir='ltr'><strong>οδ</strong></span> <span class='ocrx_word' id='word_1_234' title='bbox 357 1979 525 2052; x_wconf 75' lang='grc' dir='ltr'><strong>δημιουργὸς</strong></span> <span class='ocrx_word' id='word_1_235' title='bbox 547 1982 710 2054; x_wconf 78' lang='grc' dir='ltr'><strong>Σωκράτους</strong></span> <span class='ocrx_word' id='word_1_236' title='bbox 724 1986 772 2039; x_wconf 76' lang='grc' dir='ltr'><strong>καί</strong></span> <span class='ocrx_word' id='word_1_237' title='bbox 792 1985 936 2051; x_wconf 82' lang='grc' dir='ltr'><strong>Πλάτωνος</strong></span> <span class='ocrx_word' id='word_1_238' title='bbox 986 1981 1110 2052; x_wconf 75' lang='lat' dir='ltr'><strong>spondeo</strong></span> <span class='ocrx_word' id='word_1_239' title='bbox 1125 1981 1210 2037; x_wconf 79' lang='lat' dir='ltr'><strong>iteum</strong></span> <span class='ocrx_word' id='word_1_240' title='bbox 1222 1995 1277 2037; x_wconf 93' lang='lat' dir='ltr'><strong>non</strong></span> <span class='ocrx_word' id='word_1_241' title='bbox 1292 1995 1354 2037; x_wconf 87' lang='lat' dir='ltr'><strong>esse</strong></span> <span class='ocrx_word' id='word_1_242' title='bbox 1369 1979 1494 2050; x_wconf 86' lang='lat' dir='ltr'><strong>opitioem</strong></span> <span class='ocrx_word' id='word_1_243' title='bbox 1515 1978 1647 2052; x_wconf 78' lang='lat' dir='ltr'><strong>Soormis,</strong></span> <span class='ocrx_word' id='word_1_244' title='bbox 1656 1983 1778 2044; x_wconf 86' lang='lat' dir='ltr'><strong>Platonis</strong></span> 
     </span>
     <span class='ocr_line' id='line_1_20' title="bbox 144 2067 1776 2145; baseline 0.006 -25"><span class='ocrx_word' id='word_1_245' title='bbox 144 2068 193 2121; x_wconf 77' lang='grc' dir='ltr'><strong>καί</strong></span> <span class='ocrx_word' id='word_1_246' title='bbox 206 2067 262 2121; x_wconf 79' lang='grc' dir='ltr'><strong>τῶν</strong></span> <span class='ocrx_word' id='word_1_247' title='bbox 276 2068 346 2123; x_wconf 79' lang='grc' dir='ltr'><strong>κατά</strong></span> <span class='ocrx_word' id='word_1_248' title='bbox 365 2069 449 2139; x_wconf 81' lang='grc' dir='ltr'><strong>μέρος</strong></span> <span class='ocrx_word' id='word_1_249' title='bbox 462 2070 616 2142; x_wconf 78' lang='grc' dir='ltr'><strong>ἀνθρώπων</strong></span> <span class='ocrx_word' id='word_1_250' title='bbox 631 2074 645 2127; x_wconf 87' lang='grc' dir='ltr'><strong>δ</strong></span> <span class='ocrx_word' id='word_1_251' title='bbox 659 2072 743 2137; x_wconf 63' lang='lat' dir='ltr'><strong>dede·</strong></span> <span class='ocrx_word' id='word_1_252' title='bbox 764 2074 823 2129; x_wconf 81' lang='grc' dir='ltr'><strong>ἀλλ’</strong></span> <span class='ocrx_word' id='word_1_253' title='bbox 836 2074 851 2129; x_wconf 87' lang='lat' dir='ltr'><strong>d</strong></span> <span class='ocrx_word' id='word_1_254' title='bbox 866 2074 954 2129; x_wconf 84' lang='grc' dir='ltr'><strong>καά-·</strong></span> <span class='ocrx_word' id='word_1_255' title='bbox 986 2072 1209 2143; x_wconf 77' lang='lat' dir='ltr'><strong>singulorumque</strong></span> <span class='ocrx_word' id='word_1_256' title='bbox 1223 2069 1374 2135; x_wconf 84' lang='lat' dir='ltr'><strong>hommum,</strong></span> <span class='ocrx_word' id='word_1_257' title='bbox 1387 2069 1435 2125; x_wconf 85' lang='lat' dir='ltr'><strong>sed</strong></span> <span class='ocrx_word' id='word_1_258' title='bbox 1451 2069 1776 2145; x_wconf 83' lang='lat' dir='ltr'><strong>uniuscujusqaepatreat</strong></span> 
     </span>
     <span class='ocr_line' id='line_1_21' title="bbox 143 2158 1122 2235; baseline 0.008 -24"><span class='ocrx_word' id='word_1_259' title='bbox 143 2158 259 2212; x_wconf 86' lang='grc' dir='ltr'><strong>έκαστον</strong></span> <span class='ocrx_word' id='word_1_260' title='bbox 275 2161 366 2233; x_wconf 81' lang='grc' dir='ltr'><strong>πατήρ</strong></span> <span class='ocrx_word' id='word_1_261' title='bbox 383 2178 413 2214; x_wconf 82' lang='grc' dir='ltr'><strong>τε</strong></span> <span class='ocrx_word' id='word_1_262' title='bbox 430 2160 479 2215; x_wconf 80' lang='grc' dir='ltr'><strong>καί</strong></span> <span class='ocrx_word' id='word_1_263' title='bbox 493 2161 569 2234; x_wconf 67' lang='grc' dir='ltr'><strong>ἥλιος</strong></span> <span class='ocrx_word' id='word_1_264' title='bbox 582 2161 632 2235; x_wconf 85' lang='grc'><strong>(8).</strong></span> <span class='ocrx_word' id='word_1_265' title='bbox 987 2175 1014 2221; x_wconf 87' lang='lat' dir='ltr'><strong>et</strong></span> <span class='ocrx_word' id='word_1_266' title='bbox 1027 2165 1122 2221; x_wconf 84' lang='lat' dir='ltr'><strong>soient.</strong></span> 
     </span>
    </p>

    <p class='ocr_par' dir='ltr' id='par_1_5' title="bbox 144 2247 1777 2597">
     <span class='ocr_line' id='line_1_22' title="bbox 179 2247 1777 2334; baseline 0.006 -31"><span class='ocrx_word' id='word_1_267' title='bbox 179 2249 294 2307; x_wconf 73' lang='lat' dir='ltr'><strong>xatus.</strong></span> <span class='ocrx_word' id='word_1_268' title='bbox 313 2247 395 2316; x_wconf 73' lang='grc' dir='ltr'><strong>Εἶεν,</strong></span> <span class='ocrx_word' id='word_1_269' title='bbox 412 2248 448 2324; x_wconf 76' lang='grc' dir='ltr'><strong>ἦν</strong></span> <span class='ocrx_word' id='word_1_270' title='bbox 463 2253 487 2307; x_wconf 85' lang='grc' dir='ltr'><strong>δ’</strong></span> <span class='ocrx_word' id='word_1_271' title='bbox 506 2251 579 2323; x_wconf 68' lang='lat' dir='ltr'><strong>eqd·</strong></span> <span class='ocrx_word' id='word_1_272' title='bbox 595 2255 684 2309; x_wconf 78' lang='grc' dir='ltr'><strong>καινοί</strong></span> <span class='ocrx_word' id='word_1_273' title='bbox 704 2251 936 2330; x_wconf 78' lang='grc' dir='ltr'><strong>ἀραδημιουργοί</strong></span> <span class='ocrx_word' id='word_1_274' title='bbox 1022 2253 1160 2314; x_wconf 85' lang='lat' dir='ltr'><strong>ctrtttsr.</strong></span> <span class='ocrx_word' id='word_1_275' title='bbox 1179 2254 1222 2312; x_wconf 87' lang='lat' dir='ltr'><strong>Sit</strong></span> <span class='ocrx_word' id='word_1_276' title='bbox 1233 2256 1270 2312; x_wconf 85' lang='lat' dir='ltr'><strong>ita</strong></span> <span class='ocrx_word' id='word_1_277' title='bbox 1290 2273 1367 2329; x_wconf 88' lang='lat' dir='ltr'><strong>sane,</strong></span> <span class='ocrx_word' id='word_1_278' title='bbox 1388 2260 1498 2333; x_wconf 87' lang='lat' dir='ltr'><strong>iuquam</strong></span> <span class='ocrx_word' id='word_1_279' title='bbox 1524 2277 1598 2334; x_wconf 75' lang='lat' dir='ltr'><strong>eqot</strong></span> <span class='ocrx_word' id='word_1_280' title='bbox 1618 2258 1683 2317; x_wconf 84' lang='lat' dir='ltr'><strong>novi</strong></span> <span class='ocrx_word' id='word_1_281' title='bbox 1696 2257 1777 2329; x_wconf 84' lang='lat' dir='ltr'><strong>optt-</strong></span> 
     </span>
     <span class='ocr_line' id='line_1_23' title="bbox 144 2342 1776 2423; baseline 0.005 -29"><span class='ocrx_word' id='word_1_282' title='bbox 144 2342 282 2412; x_wconf 75' lang='grc' dir='ltr'><strong>πεφήνασι</strong></span> <span class='ocrx_word' id='word_1_283' title='bbox 296 2342 357 2398; x_wconf 80' lang='grc' dir='ltr'><strong>καθ’</strong></span> <span class='ocrx_word' id='word_1_284' title='bbox 373 2344 446 2410; x_wconf 80' lang='grc' dir='ltr'><strong>ὑμᾶς</strong></span> <span class='ocrx_word' id='word_1_285' title='bbox 459 2345 552 2416; x_wconf 68' lang='grc' dir='ltr'><strong>πατὴρ</strong></span> <span class='ocrx_word' id='word_1_286' title='bbox 566 2361 596 2398; x_wconf 85' lang='grc' dir='ltr'><strong>τε</strong></span> <span class='ocrx_word' id='word_1_287' title='bbox 613 2346 660 2399; x_wconf 82' lang='grc' dir='ltr'><strong>καί</strong></span> <span class='ocrx_word' id='word_1_288' title='bbox 675 2346 767 2417; x_wconf 73' lang='grc' dir='ltr'><strong>ηλιος·</strong></span> <span class='ocrx_word' id='word_1_289' title='bbox 783 2347 871 2421; x_wconf 84' lang='grc' dir='ltr'><strong>χρεὼν</strong></span> <span class='ocrx_word' id='word_1_290' title='bbox 888 2349 936 2405; x_wconf 71' lang='grc' dir='ltr'><strong>οὖν</strong></span> <span class='ocrx_word' id='word_1_291' title='bbox 987 2363 1033 2405; x_wconf 84' lang='lat' dir='ltr'><strong>ces</strong></span> <span class='ocrx_word' id='word_1_292' title='bbox 1043 2355 1230 2405; x_wconf 72' lang='lat' dir='ltr'><strong>monstrantur</strong></span> <span class='ocrx_word' id='word_1_293' title='bbox 1243 2359 1332 2406; x_wconf 85' lang='lat' dir='ltr'><strong>restra</strong></span> <span class='ocrx_word' id='word_1_294' title='bbox 1348 2354 1476 2423; x_wconf 89' lang='lat' dir='ltr'><strong>opinione</strong></span> <span class='ocrx_word' id='word_1_295' title='bbox 1493 2362 1570 2422; x_wconf 83' lang='lat' dir='ltr'><strong>pater</strong></span> <span class='ocrx_word' id='word_1_296' title='bbox 1584 2360 1611 2407; x_wconf 88' lang='lat' dir='ltr'><strong>et</strong></span> <span class='ocrx_word' id='word_1_297' title='bbox 1623 2350 1663 2407; x_wconf 86' lang='lat' dir='ltr'><strong>soi</strong></span> <span class='ocrx_word' id='word_1_298' title='bbox 1674 2364 1682 2403; x_wconf 81' lang='lat' dir='ltr'><strong>t</strong></span> <span class='ocrx_word' id='word_1_299' title='bbox 1694 2347 1776 2404; x_wconf 85' lang='lat' dir='ltr'><strong>debet</strong></span> 
     </span>
     <span class='ocr_line' id='line_1_24' title="bbox 145 2433 1776 2513; baseline 0.003 -26"><span class='ocrx_word' id='word_1_300' title='bbox 145 2433 321 2489; x_wconf 76' lang='grc' dir='ltr'><strong>ίτιαστοντδν</strong></span> <span class='ocrx_word' id='word_1_301' title='bbox 342 2433 427 2490; x_wconf 80' lang='grc' dir='ltr'><strong>αὑτοῦ</strong></span> <span class='ocrx_word' id='word_1_302' title='bbox 450 2435 728 2509; x_wconf 57' lang='lat' dir='ltr'><strong>testimonimum,</strong></span> <span class='ocrx_word' id='word_1_303' title='bbox 745 2439 829 2494; x_wconf 82' lang='grc' dir='ltr'><strong>αὐτοῦ</strong></span> <span class='ocrx_word' id='word_1_304' title='bbox 853 2440 934 2513; x_wconf 78' lang='grc' dir='ltr'><strong>μένου</strong></span> <span class='ocrx_word' id='word_1_305' title='bbox 986 2438 1070 2510; x_wconf 72' lang='lat' dir='ltr'><strong>igitur</strong></span> <span class='ocrx_word' id='word_1_306' title='bbox 1101 2436 1289 2509; x_wconf 74' lang='lat' dir='ltr'><strong>unnsquisque</strong></span> <span class='ocrx_word' id='word_1_307' title='bbox 1319 2437 1428 2498; x_wconf 82' lang='lat' dir='ltr'><strong>Patrem</strong></span> <span class='ocrx_word' id='word_1_308' title='bbox 1451 2457 1529 2499; x_wconf 84' lang='lat' dir='ltr'><strong>suurn</strong></span> <span class='ocrx_word' id='word_1_309' title='bbox 1563 2440 1647 2495; x_wconf 81' lang='lat' dir='ltr'><strong>Deum</strong></span> <span class='ocrx_word' id='word_1_310' title='bbox 1673 2436 1776 2493; x_wconf 76' lang='lat' dir='ltr'><strong>referre</strong></span> 
     </span>
     <span class='ocr_line' id='line_1_25' title="bbox 146 2524 1675 2597; baseline 0.006 -19"><span class='ocrx_word' id='word_1_311' title='bbox 146 2524 311 2597; x_wconf 77' lang='grc' dir='ltr'><strong>δημιουργοῦ</strong></span> <span class='ocrx_word' id='word_1_312' title='bbox 329 2525 377 2579; x_wconf 78' lang='grc' dir='ltr'><strong>καί</strong></span> <span class='ocrx_word' id='word_1_313' title='bbox 392 2526 506 2591; x_wconf 83' lang='grc' dir='ltr'><strong>ποιητοῦ</strong></span> <span class='ocrx_word' id='word_1_314' title='bbox 521 2526 575 2581; x_wconf 85' lang='grc' dir='ltr'><strong>τῶν</strong></span> <span class='ocrx_word' id='word_1_315' title='bbox 590 2528 670 2584; x_wconf 82' lang='grc' dir='ltr'><strong>ὅλων.</strong></span> <span class='ocrx_word' id='word_1_316' title='bbox 986 2528 1046 2585; x_wconf 83' lang='grc' dir='ltr'><strong>Ιοσο</strong></span> <span class='ocrx_word' id='word_1_317' title='bbox 1060 2526 1144 2583; x_wconf 84' lang='lat' dir='ltr'><strong>sotius</strong></span> <span class='ocrx_word' id='word_1_318' title='bbox 1158 2525 1266 2597; x_wconf 77' lang='lat' dir='ltr'><strong>optusis</strong></span> <span class='ocrx_word' id='word_1_319' title='bbox 1278 2538 1306 2585; x_wconf 91' lang='lat' dir='ltr'><strong>et</strong></span> <span class='ocrx_word' id='word_1_320' title='bbox 1322 2530 1513 2587; x_wconf 81' lang='lat' dir='ltr'><strong>universorum</strong></span> <span class='ocrx_word' id='word_1_321' title='bbox 1527 2528 1675 2587; x_wconf 75' lang='lat' dir='ltr'><strong>effectoria.</strong></span> 
     </span>
    </p>

    <p class='ocr_par' dir='ltr' id='par_1_6' title="bbox 146 2615 1778 2869">
     <span class='ocr_line' id='line_1_26' title="bbox 182 2615 1778 2692; baseline 0.004 -22"><span class='ocrx_word' id='word_1_322' title='bbox 182 2616 271 2675; x_wconf 79' lang='grc' dir='ltr'><strong>ΔΜΜ.</strong></span> <span class='ocrx_word' id='word_1_323' title='bbox 288 2617 326 2670; x_wconf 84' lang='grc' dir='ltr'><strong>Οὐ</strong></span> <span class='ocrx_word' id='word_1_324' title='bbox 345 2615 425 2671; x_wconf 70' lang='grc' dir='ltr'><strong>τοῦτο</strong></span> <span class='ocrx_word' id='word_1_325' title='bbox 441 2617 473 2686; x_wconf 86' lang='grc' dir='ltr'><strong>γέ</strong></span> <span class='ocrx_word' id='word_1_326' title='bbox 490 2630 580 2689; x_wconf 76' lang='grc' dir='ltr'><strong>φημι·</strong></span> <span class='ocrx_word' id='word_1_327' title='bbox 595 2617 654 2673; x_wconf 79' lang='grc' dir='ltr'><strong>ἀλλ’</strong></span> <span class='ocrx_word' id='word_1_328' title='bbox 666 2618 708 2673; x_wconf 86' lang='grc' dir='ltr'><strong>δτι</strong></span> <span class='ocrx_word' id='word_1_329' title='bbox 730 2621 744 2676; x_wconf 87' lang='grc' dir='ltr'><strong>ά</strong></span> <span class='ocrx_word' id='word_1_330' title='bbox 766 2620 935 2677; x_wconf 67' lang='lat' dir='ltr'><strong>mutassem</strong></span> <span class='ocrx_word' id='word_1_331' title='bbox 1020 2616 1108 2674; x_wconf 72' lang='lat' dir='ltr'><strong>Ami.</strong></span> <span class='ocrx_word' id='word_1_332' title='bbox 1124 2618 1183 2674; x_wconf 80' lang='lat' dir='ltr'><strong>uon</strong></span> <span class='ocrx_word' id='word_1_333' title='bbox 1201 2618 1228 2675; x_wconf 91' lang='lat' dir='ltr'><strong>id</strong></span> <span class='ocrx_word' id='word_1_334' title='bbox 1239 2619 1295 2687; x_wconf 86' lang='lat' dir='ltr'><strong>aio,</strong></span> <span class='ocrx_word' id='word_1_335' title='bbox 1314 2621 1362 2676; x_wconf 85' lang='lat' dir='ltr'><strong>sed</strong></span> <span class='ocrx_word' id='word_1_336' title='bbox 1377 2622 1498 2692; x_wconf 71' lang='lat' dir='ltr'><strong>singutas</strong></span> <span class='ocrx_word' id='word_1_337' title='bbox 1520 2630 1647 2691; x_wconf 87' lang='lat' dir='ltr'><strong>parentes</strong></span> <span class='ocrx_word' id='word_1_338' title='bbox 1662 2634 1711 2691; x_wconf 88' lang='lat' dir='ltr'><strong>per</strong></span> <span class='ocrx_word' id='word_1_339' title='bbox 1732 2632 1778 2676; x_wconf 81' lang='lat' dir='ltr'><strong>so·</strong></span> 
     </span>
     <span class='ocr_line' id='line_1_27' title="bbox 147 2706 1776 2785; baseline 0 -21"><span class='ocrx_word' id='word_1_340' title='bbox 147 2707 252 2779; x_wconf 86' lang='grc' dir='ltr'><strong>πατέρα</strong></span> <span class='ocrx_word' id='word_1_341' title='bbox 267 2707 304 2778; x_wconf 82' lang='grc'><strong>(9)</strong></span> <span class='ocrx_word' id='word_1_342' title='bbox 319 2706 407 2774; x_wconf 78' lang='grc' dir='ltr'><strong>αἴτιος</strong></span> <span class='ocrx_word' id='word_1_343' title='bbox 426 2708 477 2779; x_wconf 77' lang='grc' dir='ltr'><strong>τῆς</strong></span> <span class='ocrx_word' id='word_1_344' title='bbox 488 2708 604 2764; x_wconf 75' lang='grc' dir='ltr'><strong>ἑκάστου</strong></span> <span class='ocrx_word' id='word_1_345' title='bbox 619 2710 754 2779; x_wconf 78' lang='grc' dir='ltr'><strong>γενέσεως</strong></span> <span class='ocrx_word' id='word_1_346' title='bbox 767 2712 813 2767; x_wconf 78' lang='grc' dir='ltr'><strong>διὰ</strong></span> <span class='ocrx_word' id='word_1_347' title='bbox 826 2713 876 2785; x_wconf 82' lang='grc' dir='ltr'><strong>τῆς</strong></span> <span class='ocrx_word' id='word_1_348' title='bbox 887 2714 935 2769; x_wconf 82' lang='grc' dir='ltr'><strong>τοῦ</strong></span> <span class='ocrx_word' id='word_1_349' title='bbox 986 2709 1068 2767; x_wconf 86' lang='lat' dir='ltr'><strong>mittis</strong></span> <span class='ocrx_word' id='word_1_350' title='bbox 1095 2706 1269 2766; x_wconf 84' lang='lat' dir='ltr'><strong>emissionem</strong></span> <span class='ocrx_word' id='word_1_351' title='bbox 1289 2724 1400 2768; x_wconf 71' lang='lat' dir='ltr'><strong>aarum</strong></span> <span class='ocrx_word' id='word_1_352' title='bbox 1423 2725 1486 2769; x_wconf 81' lang='lat' dir='ltr'><strong>esse</strong></span> <span class='ocrx_word' id='word_1_353' title='bbox 1511 2725 1560 2767; x_wconf 86' lang='lat' dir='ltr'><strong>eur</strong></span> <span class='ocrx_word' id='word_1_354' title='bbox 1589 2710 1776 2780; x_wconf 80' lang='lat' dir='ltr'><strong>unusquisque</strong></span> 
     </span>
     <span class='ocr_line' id='line_1_28' title="bbox 146 2797 1102 2869; baseline 0.003 -16"><span class='ocrx_word' id='word_1_355' title='bbox 146 2798 302 2869; x_wconf 76' lang='grc' dir='ltr'><strong>σπέρματος</strong></span> <span class='ocrx_word' id='word_1_356' title='bbox 316 2797 471 2869; x_wconf 57' lang='lat' dir='ltr'><strong>manustra</strong></span> <span class='ocrx_word' id='word_1_357' title='bbox 484 2800 600 2867; x_wconf 85' lang='grc' dir='ltr'><strong>γίνεται.</strong></span> <span class='ocrx_word' id='word_1_358' title='bbox 987 2802 1102 2860; x_wconf 78' lang='lat' dir='ltr'><strong>oriatur.</strong></span> 
     </span>
    </p>
   </div>
   <div class='ocr_carea' id='block_1_2' title="bbox 143 2883 1777 3701">
    <p class='ocr_par' dir='ltr' id='par_1_7' title="bbox 143 2883 1777 3701">
     <span class='ocr_line' id='line_1_29' title="bbox 180 2883 1776 2966; baseline 0.004 -23"><span class='ocrx_word' id='word_1_359' title='bbox 180 2889 293 2943; x_wconf 80' lang='lat' dir='ltr'><strong>xrrrr.</strong></span> <span class='ocrx_word' id='word_1_360' title='bbox 309 2883 424 2955; x_wconf 78' lang='grc' dir='ltr'><strong>Ἀλλ’,ιίι</strong></span> <span class='ocrx_word' id='word_1_361' title='bbox 441 2891 571 2961; x_wconf 85' lang='grc' dir='ltr'><strong>μακάριε,</strong></span> <span class='ocrx_word' id='word_1_362' title='bbox 586 2885 621 2963; x_wconf 72' lang='grc' dir='ltr'><strong>ἦν</strong></span> <span class='ocrx_word' id='word_1_363' title='bbox 634 2890 657 2944; x_wconf 74' lang='grc' dir='ltr'><strong>δ’</strong></span> <span class='ocrx_word' id='word_1_364' title='bbox 672 2891 738 2961; x_wconf 75' lang='grc' dir='ltr'><strong>ἐγὼ,</strong></span> <span class='ocrx_word' id='word_1_365' title='bbox 753 2892 785 2948; x_wconf 83' lang='grc' dir='ltr'><strong>οὐ</strong></span> <span class='ocrx_word' id='word_1_366' title='bbox 797 2893 878 2949; x_wconf 79' lang='grc' dir='ltr'><strong>τοῦτο</strong></span> <span class='ocrx_word' id='word_1_367' title='bbox 888 2894 936 2950; x_wconf 84' lang='grc' dir='ltr'><strong>νῦν</strong></span> <span class='ocrx_word' id='word_1_368' title='bbox 1022 2891 1159 2951; x_wconf 88' lang='lat' dir='ltr'><strong>cnutsr.</strong></span> <span class='ocrx_word' id='word_1_369' title='bbox 1171 2894 1297 2966; x_wconf 76' lang='lat' dir='ltr'><strong>Atqni‚o</strong></span> <span class='ocrx_word' id='word_1_370' title='bbox 1315 2896 1358 2951; x_wconf 86' lang='lat' dir='ltr'><strong>rtr</strong></span> <span class='ocrx_word' id='word_1_371' title='bbox 1376 2894 1524 2962; x_wconf 73' lang='lat' dir='ltr'><strong>fortunato,</strong></span> <span class='ocrx_word' id='word_1_372' title='bbox 1548 2908 1603 2950; x_wconf 88' lang='lat' dir='ltr'><strong>non</strong></span> <span class='ocrx_word' id='word_1_373' title='bbox 1630 2891 1702 2950; x_wconf 87' lang='lat' dir='ltr'><strong>istud</strong></span> <span class='ocrx_word' id='word_1_374' title='bbox 1724 2889 1776 2948; x_wconf 83' lang='grc' dir='ltr'><strong>Ιιοα</strong></span> 
     </span>
     <span class='ocr_line' id='line_1_30' title="bbox 145 2978 1777 3058; baseline 0.005 -25"><span class='ocrx_word' id='word_1_375' title='bbox 145 2978 293 3034; x_wconf 84' lang='grc' dir='ltr'><strong>σκεπτέον·</strong></span> <span class='ocrx_word' id='word_1_376' title='bbox 311 2980 353 3034; x_wconf 81' lang='grc' dir='ltr'><strong>ὅτι</strong></span> <span class='ocrx_word' id='word_1_377' title='bbox 375 2980 408 3054; x_wconf 73' lang='grc' dir='ltr'><strong>δὴ</strong></span> <span class='ocrx_word' id='word_1_378' title='bbox 430 2981 556 3055; x_wconf 81' lang='grc' dir='ltr'><strong>ὀργάνοις</strong></span> <span class='ocrx_word' id='word_1_379' title='bbox 574 2980 709 3054; x_wconf 85' lang='grc' dir='ltr'><strong>κέχρηται</strong></span> <span class='ocrx_word' id='word_1_380' title='bbox 725 2985 782 3048; x_wconf 78' lang='grc' dir='ltr'><strong>τοῖς</strong></span> <span class='ocrx_word' id='word_1_381' title='bbox 799 2985 936 3058; x_wconf 86' lang='grc' dir='ltr'><strong>πατράσιν</strong></span> <span class='ocrx_word' id='word_1_382' title='bbox 987 2995 1107 3058; x_wconf 84' lang='lat' dir='ltr'><strong>ternpore</strong></span> <span class='ocrx_word' id='word_1_383' title='bbox 1122 2985 1198 3044; x_wconf 80' lang='lat' dir='ltr'><strong>verbi</strong></span> <span class='ocrx_word' id='word_1_384' title='bbox 1210 2986 1407 3058; x_wconf 81' lang='lat' dir='ltr'><strong>inspiciendum</strong></span> <span class='ocrx_word' id='word_1_385' title='bbox 1421 2998 1449 3045; x_wconf 84' lang='lat' dir='ltr'><strong>et</strong></span> <span class='ocrx_word' id='word_1_386' title='bbox 1463 2985 1691 3044; x_wconf 82' lang='lat' dir='ltr'><strong>considerandum</strong></span> <span class='ocrx_word' id='word_1_387' title='bbox 1701 2979 1777 3056; x_wconf 84' lang='lat' dir='ltr'><strong>qoto·</strong></span> 
     </span>
     <span class='ocr_line' id='line_1_31' title="bbox 143 3071 1776 3153; baseline 0.001 -25"><span class='ocrx_word' id='word_1_388' title='bbox 143 3075 159 3128; x_wconf 85' lang='lat' dir='ltr'><strong>d</strong></span> <span class='ocrx_word' id='word_1_389' title='bbox 173 3073 258 3138; x_wconf 73' lang='grc' dir='ltr'><strong>Θεὸς,</strong></span> <span class='ocrx_word' id='word_1_390' title='bbox 272 3073 318 3127; x_wconf 82' lang='grc' dir='ltr'><strong>διὰ</strong></span> <span class='ocrx_word' id='word_1_391' title='bbox 330 3072 435 3127; x_wconf 75' lang='grc' dir='ltr'><strong>τούτων</strong></span> <span class='ocrx_word' id='word_1_392' title='bbox 454 3071 641 3145; x_wconf 70' lang='grc' dir='ltr'><strong>ἐργαζόμενος</strong></span> <span class='ocrx_word' id='word_1_393' title='bbox 654 3074 704 3153; x_wconf 85' lang='grc' dir='ltr'><strong>τάς</strong></span> <span class='ocrx_word' id='word_1_394' title='bbox 718 3074 833 3148; x_wconf 77' lang='grc' dir='ltr'><strong>πρῶτος</strong></span> <span class='ocrx_word' id='word_1_395' title='bbox 848 3077 936 3150; x_wconf 78' lang='grc' dir='ltr'><strong>ἀρχάς</strong></span> <span class='ocrx_word' id='word_1_396' title='bbox 987 3076 1066 3133; x_wconf 79' lang='lat' dir='ltr'><strong>titur.</strong></span> <span class='ocrx_word' id='word_1_397' title='bbox 1089 3075 1131 3131; x_wconf 84' lang='lat' dir='ltr'><strong>su</strong></span> <span class='ocrx_word' id='word_1_398' title='bbox 1145 3075 1182 3131; x_wconf 85' lang='lat' dir='ltr'><strong>ita</strong></span> <span class='ocrx_word' id='word_1_399' title='bbox 1197 3090 1265 3132; x_wconf 87' lang='lat' dir='ltr'><strong>saue</strong></span> <span class='ocrx_word' id='word_1_400' title='bbox 1281 3093 1289 3132; x_wconf 81' lang='grc' dir='ltr'><strong>τ</strong></span> <span class='ocrx_word' id='word_1_401' title='bbox 1307 3075 1551 3134; x_wconf 79' lang='lat' dir='ltr'><strong>instrumentorum</strong></span> <span class='ocrx_word' id='word_1_402' title='bbox 1578 3077 1649 3142; x_wconf 75' lang='lat' dir='ltr'><strong>vioe,</strong></span> <span class='ocrx_word' id='word_1_403' title='bbox 1677 3089 1776 3147; x_wconf 83' lang='lat' dir='ltr'><strong>parea·</strong></span> 
     </span>
     <span class='ocr_line' id='line_1_32' title="bbox 143 3152 1773 3240; baseline 0.001 -20"><span class='ocrx_word' id='word_1_404' title='bbox 143 3166 193 3220; x_wconf 78' lang='grc' dir='ltr'><strong>κοιί</strong></span> <span class='ocrx_word' id='word_1_405' title='bbox 204 3165 236 3220; x_wconf 87' lang='grc' dir='ltr'><strong>τδ</strong></span> <span class='ocrx_word' id='word_1_406' title='bbox 251 3166 363 3237; x_wconf 84' lang='grc' dir='ltr'><strong>σπέρμα</strong></span> <span class='ocrx_word' id='word_1_407' title='bbox 379 3164 430 3234; x_wconf 82' lang='grc' dir='ltr'><strong>τῆς</strong></span> <span class='ocrx_word' id='word_1_408' title='bbox 445 3164 582 3232; x_wconf 83' lang='grc' dir='ltr'><strong>γενέσεως</strong></span> <span class='ocrx_word' id='word_1_409' title='bbox 596 3165 793 3223; x_wconf 83' lang='grc' dir='ltr'><strong>καταοάλλων·</strong></span> <span class='ocrx_word' id='word_1_410' title='bbox 809 3168 878 3224; x_wconf 81' lang='grc' dir='ltr'><strong>ἀλλὰ</strong></span> <span class='ocrx_word' id='word_1_411' title='bbox 892 3169 934 3235; x_wconf 87' lang='grc' dir='ltr'><strong>τίς</strong></span> <span class='ocrx_word' id='word_1_412' title='bbox 947 3152 970 3211; x_wconf 75' lang='lat' dir='ltr'><strong>G</strong></span> <span class='ocrx_word' id='word_1_413' title='bbox 987 3165 1058 3222; x_wconf 83' lang='lat' dir='ltr'><strong>tibus</strong></span> <span class='ocrx_word' id='word_1_414' title='bbox 1074 3165 1162 3221; x_wconf 83' lang='lat' dir='ltr'><strong>utitur</strong></span> <span class='ocrx_word' id='word_1_415' title='bbox 1173 3163 1257 3234; x_wconf 77' lang='lat' dir='ltr'><strong>Deus,</strong></span> <span class='ocrx_word' id='word_1_416' title='bbox 1267 3168 1375 3236; x_wconf 83' lang='lat' dir='ltr'><strong>peritos</strong></span> <span class='ocrx_word' id='word_1_417' title='bbox 1388 3167 1509 3225; x_wconf 74' lang='lat' dir='ltr'><strong>ediciam</strong></span> <span class='ocrx_word' id='word_1_418' title='bbox 1528 3167 1615 3240; x_wconf 76' lang='lat' dir='ltr'><strong>prima</strong></span> <span class='ocrx_word' id='word_1_419' title='bbox 1628 3165 1773 3240; x_wconf 83' lang='lat' dir='ltr'><strong>principia,</strong></span> 
     </span>
     <span class='ocr_line' id='line_1_33' title="bbox 143 3255 1775 3334; baseline 0.001 -22"><span class='ocrx_word' id='word_1_420' title='bbox 143 3257 176 3312; x_wconf 88' lang='grc' dir='ltr'><strong>τδ</strong></span> <span class='ocrx_word' id='word_1_421' title='bbox 190 3256 444 3329; x_wconf 77' lang='grc' dir='ltr'><strong>καταδαλλλδμενον</strong></span> <span class='ocrx_word' id='word_1_422' title='bbox 459 3255 505 3311; x_wconf 88' lang='grc' dir='ltr'><strong>διά</strong></span> <span class='ocrx_word' id='word_1_423' title='bbox 524 3256 576 3328; x_wconf 82' lang='grc' dir='ltr'><strong>τῆς</strong></span> <span class='ocrx_word' id='word_1_424' title='bbox 595 3258 777 3331; x_wconf 81' lang='grc' dir='ltr'><strong>ἀλλοιωτικῆς</strong></span> <span class='ocrx_word' id='word_1_425' title='bbox 791 3261 934 3334; x_wconf 84' lang='grc' dir='ltr'><strong>δυνάμεως</strong></span> <span class='ocrx_word' id='word_1_426' title='bbox 986 3266 1014 3312; x_wconf 86' lang='lat' dir='ltr'><strong>et</strong></span> <span class='ocrx_word' id='word_1_427' title='bbox 1025 3265 1208 3313; x_wconf 87' lang='lat' dir='ltr'><strong>semonortns</strong></span> <span class='ocrx_word' id='word_1_428' title='bbox 1226 3255 1354 3328; x_wconf 77' lang='lat' dir='ltr'><strong>lactenss</strong></span> <span class='ocrx_word' id='word_1_429' title='bbox 1372 3258 1421 3314; x_wconf 88' lang='lat' dir='ltr'><strong>sed</strong></span> <span class='ocrx_word' id='word_1_430' title='bbox 1448 3259 1510 3329; x_wconf 84' lang='lat' dir='ltr'><strong>quis</strong></span> <span class='ocrx_word' id='word_1_431' title='bbox 1532 3269 1590 3327; x_wconf 81' lang='lat' dir='ltr'><strong>est,</strong></span> <span class='ocrx_word' id='word_1_432' title='bbox 1604 3258 1651 3330; x_wconf 90' lang='lat' dir='ltr'><strong>qui</strong></span> <span class='ocrx_word' id='word_1_433' title='bbox 1671 3258 1775 3328; x_wconf 82' lang='lat' dir='ltr'><strong>laetum</strong></span> 
     </span>
     <span class='ocr_line' id='line_1_34' title="bbox 143 3343 1775 3424; baseline 0.001 -22"><span class='ocrx_word' id='word_1_434' title='bbox 143 3349 308 3421; x_wconf 75' lang='grc' dir='ltr'><strong>δράρφωσε,</strong></span> <span class='ocrx_word' id='word_1_435' title='bbox 323 3348 370 3402; x_wconf 75' lang='grc' dir='ltr'><strong>καί</strong></span> <span class='ocrx_word' id='word_1_436' title='bbox 384 3349 425 3413; x_wconf 82' lang='grc' dir='ltr'><strong>τίς</strong></span> <span class='ocrx_word' id='word_1_437' title='bbox 443 3343 513 3412; x_wconf 83' lang='grc' dir='ltr'><strong>εἶδος</strong></span> <span class='ocrx_word' id='word_1_438' title='bbox 528 3350 634 3420; x_wconf 80' lang='grc' dir='ltr'><strong>ηγαγε;</strong></span> <span class='ocrx_word' id='word_1_439' title='bbox 651 3349 694 3414; x_wconf 89' lang='grc' dir='ltr'><strong>τίς</strong></span> <span class='ocrx_word' id='word_1_440' title='bbox 717 3349 747 3404; x_wconf 75' lang='grc' dir='ltr'><strong>δὲ</strong></span> <span class='ocrx_word' id='word_1_441' title='bbox 771 3353 786 3406; x_wconf 83' lang='grc' dir='ltr'><strong>ἀ</strong></span> <span class='ocrx_word' id='word_1_442' title='bbox 808 3350 859 3424; x_wconf 77' lang='grc' dir='ltr'><strong>την</strong></span> <span class='ocrx_word' id='word_1_443' title='bbox 879 3351 934 3408; x_wconf 85' lang='grc' dir='ltr'><strong>τῶν</strong></span> <span class='ocrx_word' id='word_1_444' title='bbox 986 3364 1079 3406; x_wconf 73' lang='lat' dir='ltr'><strong>maten</strong></span> <span class='ocrx_word' id='word_1_445' title='bbox 1092 3362 1141 3420; x_wconf 90' lang='lat' dir='ltr'><strong>per</strong></span> <span class='ocrx_word' id='word_1_446' title='bbox 1157 3349 1341 3406; x_wconf 85' lang='lat' dir='ltr'><strong>commutandi</strong></span> <span class='ocrx_word' id='word_1_447' title='bbox 1355 3349 1411 3406; x_wconf 83' lang='lat' dir='ltr'><strong>rint</strong></span> <span class='ocrx_word' id='word_1_448' title='bbox 1424 3358 1453 3407; x_wconf 93' lang='lat' dir='ltr'><strong>et</strong></span> <span class='ocrx_word' id='word_1_449' title='bbox 1469 3349 1624 3407; x_wconf 71' lang='lat' dir='ltr'><strong>inanitatem</strong></span> <span class='ocrx_word' id='word_1_450' title='bbox 1638 3348 1775 3417; x_wconf 75' lang='lat' dir='ltr'><strong>iamavit,</strong></span> 
     </span>
     <span class='ocr_line' id='line_1_35' title="bbox 145 3437 1776 3513; baseline 0.001 -20"><span class='ocrx_word' id='word_1_451' title='bbox 145 3441 249 3513; x_wconf 78' lang='lat' dir='ltr'><strong>popina</strong></span> <span class='ocrx_word' id='word_1_452' title='bbox 261 3438 350 3505; x_wconf 80' lang='grc' dir='ltr'><strong>ένάείς</strong></span> <span class='ocrx_word' id='word_1_453' title='bbox 362 3438 509 3508; x_wconf 76' lang='grc' dir='ltr'><strong>ἀναλογίαν</strong></span> <span class='ocrx_word' id='word_1_454' title='bbox 522 3441 570 3495; x_wconf 78' lang='grc' dir='ltr'><strong>καί</strong></span> <span class='ocrx_word' id='word_1_455' title='bbox 583 3440 736 3513; x_wconf 80' lang='grc' dir='ltr'><strong>άρμονίανς</strong></span> <span class='ocrx_word' id='word_1_456' title='bbox 749 3440 776 3507; x_wconf 85' lang='grc' dir='ltr'><strong>άς</strong></span> <span class='ocrx_word' id='word_1_457' title='bbox 790 3442 821 3510; x_wconf 62' lang='lat' dir='ltr'><strong>te</strong></span> <span class='ocrx_word' id='word_1_458' title='bbox 831 3442 934 3498; x_wconf 78' lang='grc' dir='ltr'><strong>ὀστέων</strong></span> <span class='ocrx_word' id='word_1_459' title='bbox 986 3451 1013 3498; x_wconf 95' lang='lat' dir='ltr'><strong>et</strong></span> <span class='ocrx_word' id='word_1_460' title='bbox 1025 3440 1057 3497; x_wconf 88' lang='lat' dir='ltr'><strong>ad</strong></span> <span class='ocrx_word' id='word_1_461' title='bbox 1069 3441 1188 3512; x_wconf 82' lang='lat' dir='ltr'><strong>speeiem</strong></span> <span class='ocrx_word' id='word_1_462' title='bbox 1198 3439 1328 3497; x_wconf 84' lang='lat' dir='ltr'><strong>dednsiti</strong></span> <span class='ocrx_word' id='word_1_463' title='bbox 1337 3437 1404 3509; x_wconf 78' lang='lat' dir='ltr'><strong>Quis</strong></span> <span class='ocrx_word' id='word_1_464' title='bbox 1425 3450 1556 3512; x_wconf 80' lang='lat' dir='ltr'><strong>praeterea</strong></span> <span class='ocrx_word' id='word_1_465' title='bbox 1572 3441 1626 3509; x_wconf 87' lang='lat' dir='ltr'><strong>itte,</strong></span> <span class='ocrx_word' id='word_1_466' title='bbox 1642 3441 1688 3513; x_wconf 90' lang='lat' dir='ltr'><strong>qui</strong></span> <span class='ocrx_word' id='word_1_467' title='bbox 1704 3456 1776 3513; x_wconf 86' lang='lat' dir='ltr'><strong>par-</strong></span> 
     </span>
     <span class='ocr_line' id='line_1_36' title="bbox 144 3529 1774 3605; baseline 0 -17"><span class='ocrx_word' id='word_1_468' title='bbox 144 3533 193 3588; x_wconf 80' lang='lat' dir='ltr'><strong>aai</strong></span> <span class='ocrx_word' id='word_1_469' title='bbox 206 3530 311 3603; x_wconf 79' lang='grc' dir='ltr'><strong>νεύρων</strong></span> <span class='ocrx_word' id='word_1_470' title='bbox 325 3529 374 3585; x_wconf 79' lang='grc' dir='ltr'><strong>καί</strong></span> <span class='ocrx_word' id='word_1_471' title='bbox 390 3529 496 3601; x_wconf 78' lang='grc' dir='ltr'><strong>φλιάών</strong></span> <span class='ocrx_word' id='word_1_472' title='bbox 516 3531 564 3586; x_wconf 77' lang='grc' dir='ltr'><strong>καί</strong></span> <span class='ocrx_word' id='word_1_473' title='bbox 580 3530 682 3605; x_wconf 82' lang='grc' dir='ltr'><strong>σαρκδς</strong></span> <span class='ocrx_word' id='word_1_474' title='bbox 697 3530 749 3601; x_wconf 83' lang='grc' dir='ltr'><strong>τῆς</strong></span> <span class='ocrx_word' id='word_1_475' title='bbox 764 3529 935 3589; x_wconf 84' lang='grc' dir='ltr'><strong>καδέκαστον</strong></span> <span class='ocrx_word' id='word_1_476' title='bbox 988 3533 1054 3588; x_wconf 87' lang='lat' dir='ltr'><strong>tium</strong></span> <span class='ocrx_word' id='word_1_477' title='bbox 1063 3532 1267 3603; x_wconf 87' lang='lat' dir='ltr'><strong>proportionem</strong></span> <span class='ocrx_word' id='word_1_478' title='bbox 1280 3533 1571 3604; x_wconf 86' lang='lat' dir='ltr'><strong>posuit,eonstttoitet</strong></span> <span class='ocrx_word' id='word_1_479' title='bbox 1582 3533 1750 3588; x_wconf 76' lang='lat' dir='ltr'><strong>harmoniam</strong></span> <span class='ocrx_word' id='word_1_480' title='bbox 1766 3550 1774 3588; x_wconf 85' lang='grc' dir='ltr'><strong>τ</strong></span> 
     </span>
     <span class='ocr_line' id='line_1_37' title="bbox 144 3619 1776 3701; baseline 0 -24"><span class='ocrx_word' id='word_1_481' title='bbox 144 3620 310 3694; x_wconf 83' lang='grc' dir='ltr'><strong>συμπνοίας,</strong></span> <span class='ocrx_word' id='word_1_482' title='bbox 323 3620 575 3692; x_wconf 82' lang='grc' dir='ltr'><strong>καίιύαρμυστίας,</strong></span> <span class='ocrx_word' id='word_1_483' title='bbox 584 3621 633 3676; x_wconf 83' lang='grc' dir='ltr'><strong>καί</strong></span> <span class='ocrx_word' id='word_1_484' title='bbox 647 3619 819 3701; x_wconf 81' lang='grc' dir='ltr'><strong>συμφωνίας,</strong></span> <span class='ocrx_word' id='word_1_485' title='bbox 833 3639 935 3696; x_wconf 77' lang='grc' dir='ltr'><strong>συνηρ·</strong></span> <span class='ocrx_word' id='word_1_486' title='bbox 988 3621 1034 3694; x_wconf 90' lang='lat' dir='ltr'><strong>qni</strong></span> <span class='ocrx_word' id='word_1_487' title='bbox 1044 3634 1078 3677; x_wconf 85' lang='lat' dir='ltr'><strong>ex</strong></span> <span class='ocrx_word' id='word_1_488' title='bbox 1097 3620 1218 3687; x_wconf 72' lang='lat' dir='ltr'><strong>,ossibus</strong></span> <span class='ocrx_word' id='word_1_489' title='bbox 1234 3629 1263 3679; x_wconf 89' lang='lat' dir='ltr'><strong>et</strong></span> <span class='ocrx_word' id='word_1_490' title='bbox 1282 3623 1385 3692; x_wconf 74' lang='lat' dir='ltr'><strong>nervis,</strong></span> <span class='ocrx_word' id='word_1_491' title='bbox 1401 3632 1431 3679; x_wconf 86' lang='lat' dir='ltr'><strong>et</strong></span> <span class='ocrx_word' id='word_1_492' title='bbox 1444 3624 1523 3681; x_wconf 80' lang='lat' dir='ltr'><strong>senis</strong></span> <span class='ocrx_word' id='word_1_493' title='bbox 1534 3632 1561 3681; x_wconf 84' lang='lat' dir='ltr'><strong>et</strong></span> <span class='ocrx_word' id='word_1_494' title='bbox 1574 3638 1668 3690; x_wconf 82' lang='lat' dir='ltr'><strong>tarne,</strong></span> <span class='ocrx_word' id='word_1_495' title='bbox 1677 3632 1705 3678; x_wconf 86' lang='lat' dir='ltr'><strong>et</strong></span> <span class='ocrx_word' id='word_1_496' title='bbox 1719 3624 1776 3678; x_wconf 88' lang='lat' dir='ltr'><strong>siu·</strong></span> 
     </span>
    </p>
   </div>
   <div class='ocr_carea' id='block_1_3' title="bbox 143 3757 1776 5365">
    <p class='ocr_par' dir='ltr' id='par_1_8' title="bbox 143 3757 1776 5365">
     <span class='ocr_line' id='line_1_38' title="bbox 144 3757 1776 3848; baseline 0.002 -32"><span class='ocrx_word' id='word_1_497' title='bbox 144 3760 300 3832; x_wconf 77' lang='grc' dir='ltr'><strong>ίλσύθτρον.</strong></span> <span class='ocrx_word' id='word_1_498' title='bbox 329 3760 438 3829; x_wconf 77' lang='grc' dir='ltr'><strong>Ἐπειδὴ</strong></span> <span class='ocrx_word' id='word_1_499' title='bbox 453 3759 499 3827; x_wconf 75' lang='grc' dir='ltr'><strong>δέ,</strong></span> <span class='ocrx_word' id='word_1_500' title='bbox 517 3760 593 3840; x_wconf 69' lang='grc' dir='ltr'><strong>κατά</strong></span> <span class='ocrx_word' id='word_1_501' title='bbox 604 3761 650 3816; x_wconf 80' lang='grc' dir='ltr'><strong>τὸν</strong></span> <span class='ocrx_word' id='word_1_502' title='bbox 663 3757 849 3831; x_wconf 78' lang='grc' dir='ltr'><strong>λιγυρώτατον</strong></span> <span class='ocrx_word' id='word_1_503' title='bbox 862 3758 934 3817; x_wconf 69' lang='lat' dir='ltr'><strong>iliad.-</strong></span> <span class='ocrx_word' id='word_1_504' title='bbox 986 3760 1015 3814; x_wconf 89' lang='lat' dir='ltr'><strong>in</strong></span> <span class='ocrx_word' id='word_1_505' title='bbox 1033 3759 1131 3815; x_wconf 81' lang='lat' dir='ltr'><strong>Latina</strong></span> <span class='ocrx_word' id='word_1_506' title='bbox 1151 3758 1271 3816; x_wconf 80' lang='lat' dir='ltr'><strong>editione</strong></span> <span class='ocrx_word' id='word_1_507' title='bbox 1295 3761 1398 3848; x_wconf 79' lang='lat' dir='ltr'><strong>prodiit</strong></span> <span class='ocrx_word' id='word_1_508' title='bbox 1418 3779 1426 3818; x_wconf 77' lang='lat' dir='ltr'><strong>a</strong></span> <span class='ocrx_word' id='word_1_509' title='bbox 1452 3762 1524 3833; x_wconf 69' lang='lat' dir='ltr'><strong>§qai</strong></span> <span class='ocrx_word' id='word_1_510' title='bbox 1545 3761 1574 3817; x_wconf 83' lang='grc' dir='ltr'><strong>δί</strong></span> <span class='ocrx_word' id='word_1_511' title='bbox 1596 3764 1644 3818; x_wconf 78' lang='grc' dir='ltr'><strong>καί</strong></span> <span class='ocrx_word' id='word_1_512' title='bbox 1665 3761 1776 3832; x_wconf 74' lang='lat' dir='ltr'><strong>atqu&lt;</strong></span> 
     </span>
     <span class='ocr_line' id='line_1_39' title="bbox 143 3827 1775 3981; baseline 0.001 -26"><span class='ocrx_word' id='word_1_513' title='bbox 143 3827 729 3969; x_wconf 59' lang='lat' dir='ltr'><strong>uustimuuit‘tatttissuus</strong></span> <span class='ocrx_word' id='word_1_514' title='bbox 747 3828 885 3954; x_wconf 54' lang='lat' dir='ltr'><strong>“ouidii</strong></span> <span class='ocrx_word' id='word_1_515' title='bbox 902 3846 934 3953; x_wconf 70' lang='lat' dir='ltr'><strong>{i</strong></span> <span class='ocrx_word' id='word_1_516' title='bbox 985 3827 1306 3969; x_wconf 50' lang='lat' dir='ltr'><strong>usspffiomoqp</strong></span> <span class='ocrx_word' id='word_1_517' title='bbox 1317 3832 1657 3982; x_wconf 62' lang='lat' dir='ltr'><strong>utitutuutu</strong></span> <span class='ocrx_word' id='word_1_518' title='bbox 1677 3899 1775 3981; x_wconf 63' lang='grc' dir='ltr'><strong>,τωο</strong></span> 
     </span>
     <span class='ocr_line' id='line_1_40' title="bbox 147 3965 1774 4039; baseline 0.002 -17"><span class='ocrx_word' id='word_1_519' title='bbox 147 3970 249 4039; x_wconf 79' lang='grc' dir='ltr'><strong>δαυτϊης</strong></span> <span class='ocrx_word' id='word_1_520' title='bbox 264 3970 480 4039; x_wconf 75' lang='grc' dir='ltr'><strong>φροντιστήριον.</strong></span> <span class='ocrx_word' id='word_1_521' title='bbox 493 3968 615 4024; x_wconf 84' lang='lat' dir='ltr'><strong>Notaada</strong></span> <span class='ocrx_word' id='word_1_522' title='bbox 631 3967 787 4025; x_wconf 83' lang='lat' dir='ltr'><strong>diremistis</strong></span> <span class='ocrx_word' id='word_1_523' title='bbox 802 3965 902 4025; x_wconf 87' lang='lat' dir='ltr'><strong>tuentio</strong></span> <span class='ocrx_word' id='word_1_524' title='bbox 923 3985 931 4024; x_wconf 76' lang='grc' dir='ltr'><strong>τ</strong></span> <span class='ocrx_word' id='word_1_525' title='bbox 984 3968 1118 4023; x_wconf 88' lang='lat' dir='ltr'><strong>rationem</strong></span> <span class='ocrx_word' id='word_1_526' title='bbox 1166 3967 1262 4033; x_wconf 82' lang='lat' dir='ltr'><strong>abeat.</strong></span> <span class='ocrx_word' id='word_1_527' title='bbox 1283 3968 1386 4026; x_wconf 84' lang='lat' dir='ltr'><strong>anitius</strong></span> <span class='ocrx_word' id='word_1_528' title='bbox 1411 3978 1492 4039; x_wconf 77' lang='lat' dir='ltr'><strong>eqeat</strong></span> <span class='ocrx_word' id='word_1_529' title='bbox 1516 3969 1643 4026; x_wconf 80' lang='lat' dir='ltr'><strong>oonstho.</strong></span> <span class='ocrx_word' id='word_1_530' title='bbox 1670 3968 1774 4025; x_wconf 75' lang='lat' dir='ltr'><strong>vittata</strong></span> 
     </span>
     <span class='ocr_line' id='line_1_41' title="bbox 149 4035 1454 4108; baseline 0.002 -19"><span class='ocrx_word' id='word_1_531' title='bbox 149 4037 262 4104; x_wconf 80' lang='grc' dir='ltr'><strong>άφάονοι</strong></span> <span class='ocrx_word' id='word_1_532' title='bbox 273 4039 303 4091; x_wconf 82' lang='lat' dir='ltr'><strong>ai</strong></span> <span class='ocrx_word' id='word_1_533' title='bbox 313 4039 368 4093; x_wconf 81' lang='grc' dir='ltr'><strong>τῶν</strong></span> <span class='ocrx_word' id='word_1_534' title='bbox 380 4037 496 4095; x_wconf 84' lang='grc' dir='ltr'><strong>Μουσῶν</strong></span> <span class='ocrx_word' id='word_1_535' title='bbox 509 4038 601 4108; x_wconf 82' lang='grc' dir='ltr'><strong>θύραι.</strong></span> <span class='ocrx_word' id='word_1_536' title='bbox 619 4038 668 4093; x_wconf 73' lang='lat' dir='ltr'><strong>na.</strong></span> <span class='ocrx_word' id='word_1_537' title='bbox 985 4046 1074 4093; x_wconf 82' lang='lat' dir='ltr'><strong>tamen</strong></span> <span class='ocrx_word' id='word_1_538' title='bbox 1091 4035 1184 4093; x_wconf 74' lang='lat' dir='ltr'><strong>vocata</strong></span> <span class='ocrx_word' id='word_1_539' title='bbox 1198 4038 1246 4092; x_wconf 82' lang='lat' dir='ltr'><strong>stoi</strong></span> <span class='ocrx_word' id='word_1_540' title='bbox 1257 4036 1390 4093; x_wconf 79' lang='lat' dir='ltr'><strong>rideatur.</strong></span> <span class='ocrx_word' id='word_1_541' title='bbox 1405 4037 1454 4093; x_wconf 80' lang='lat' dir='ltr'><strong>tn.</strong></span> 
     </span>
     <span class='ocr_line' id='line_1_42' title="bbox 189 4103 1484 4231; baseline 0.006 -75"><span class='ocrx_word' id='word_1_542' title='bbox 189 4104 228 4175; x_wconf 67' lang='grc' dir='ltr'><strong>(Ξ)</strong></span> <span class='ocrx_word' id='word_1_543' title='bbox 241 4107 376 4178; x_wconf 76' lang='grc' dir='ltr'><strong>Ποιητής.</strong></span> <span class='ocrx_word' id='word_1_544' title='bbox 391 4107 450 4169; x_wconf 83' lang='lat' dir='ltr'><strong>Nou</strong></span> <span class='ocrx_word' id='word_1_545' title='bbox 463 4117 503 4161; x_wconf 88' lang='lat' dir='ltr'><strong>ost</strong></span> <span class='ocrx_word' id='word_1_546' title='bbox 517 4123 585 4176; x_wconf 84' lang='lat' dir='ltr'><strong>opus</strong></span> <span class='ocrx_word' id='word_1_547' title='bbox 598 4107 677 4162; x_wconf 85' lang='lat' dir='ltr'><strong>vitari</strong></span> <span class='ocrx_word' id='word_1_548' title='bbox 691 4107 813 4162; x_wconf 76' lang='lat' dir='ltr'><strong>Latinam</strong></span> <span class='ocrx_word' id='word_1_549' title='bbox 836 4121 930 4163; x_wconf 85' lang='lat' dir='ltr'><strong>rocem</strong></span> <span class='ocrx_word' id='word_1_550' title='bbox 1021 4104 1049 4231; x_wconf 64' lang='grc' dir='ltr'><strong>(ρ</strong></span> <span class='ocrx_word' id='word_1_551' title='bbox 1074 4103 1107 4162; x_wconf 84' lang='lat' dir='ltr'><strong>C.</strong></span> <span class='ocrx_word' id='word_1_552' title='bbox 1122 4104 1154 4162; x_wconf 86' lang='lat' dir='ltr'><strong>P.</strong></span> <span class='ocrx_word' id='word_1_553' title='bbox 1169 4104 1262 4179; x_wconf 73' lang='lat' dir='ltr'><strong>(tuot)</strong></span> <span class='ocrx_word' id='word_1_554' title='bbox 1277 4107 1354 4162; x_wconf 82' lang='grc' dir='ltr'><strong>πάσα</strong></span> <span class='ocrx_word' id='word_1_555' title='bbox 1365 4107 1484 4195; x_wconf 79' lang='grc' dir='ltr'><strong>ἀνάγκη.</strong></span> 
     </span>
     <span class='ocr_line' id='line_1_43' title="bbox 151 4173 1774 4259; baseline 0.004 -31"><span class='ocrx_word' id='word_1_556' title='bbox 151 4173 273 4244; x_wconf 65' lang='lat' dir='ltr'><strong>[amoma</strong></span> <span class='ocrx_word' id='word_1_557' title='bbox 284 4191 383 4234; x_wconf 81' lang='lat' dir='ltr'><strong>cumea</strong></span> <span class='ocrx_word' id='word_1_558' title='bbox 393 4175 674 4233; x_wconf 82' lang='lat' dir='ltr'><strong>utaturTmtuittaaua</strong></span> <span class='ocrx_word' id='word_1_559' title='bbox 684 4175 794 4245; x_wconf 78' lang='grc' dir='ltr'><strong>Αροίορ.</strong></span> <span class='ocrx_word' id='word_1_560' title='bbox 804 4191 864 4248; x_wconf 81' lang='grc' dir='ltr'><strong>στρ.</strong></span> <span class='ocrx_word' id='word_1_561' title='bbox 875 4176 929 4232; x_wconf 84' lang='lat' dir='ltr'><strong>tt:</strong></span> <span class='ocrx_word' id='word_1_562' title='bbox 1019 4183 1030 4247; x_wconf 97' lang='grc'><strong>(</strong></span> <span class='ocrx_word' id='word_1_563' title='bbox 1075 4174 1129 4233; x_wconf 80' lang='lat' dir='ltr'><strong>CC.</strong></span> <span class='ocrx_word' id='word_1_564' title='bbox 1146 4174 1177 4231; x_wconf 83' lang='lat' dir='ltr'><strong>P.</strong></span> <span class='ocrx_word' id='word_1_565' title='bbox 1193 4176 1226 4231; x_wconf 84' lang='grc' dir='ltr'><strong>τά</strong></span> <span class='ocrx_word' id='word_1_566' title='bbox 1249 4176 1396 4259; x_wconf 72' lang='grc' dir='ltr'><strong>ἡμέτερον.</strong></span> <span class='ocrx_word' id='word_1_567' title='bbox 1413 4177 1510 4233; x_wconf 71' lang='lat' dir='ltr'><strong>berrao</strong></span> <span class='ocrx_word' id='word_1_568' title='bbox 1522 4185 1565 4232; x_wconf 84' lang='lat' dir='ltr'><strong>est</strong></span> <span class='ocrx_word' id='word_1_569' title='bbox 1581 4176 1667 4234; x_wconf 84' lang='lat' dir='ltr'><strong>inrito</strong></span> <span class='ocrx_word' id='word_1_570' title='bbox 1681 4176 1774 4234; x_wconf 87' lang='lat' dir='ltr'><strong>animo</strong></span> 
     </span>
     <span class='ocr_line' id='line_1_44' title="bbox 150 4243 1774 4329; baseline 0.001 -27"><span class='ocrx_word' id='word_1_571' title='bbox 150 4243 282 4302; x_wconf 69' lang='lat' dir='ltr'><strong>German</strong></span> <span class='ocrx_word' id='word_1_572' title='bbox 292 4246 316 4300; x_wconf 83' lang='lat' dir='ltr'><strong>at</strong></span> <span class='ocrx_word' id='word_1_573' title='bbox 325 4262 398 4302; x_wconf 81' lang='grc' dir='ltr'><strong>ιιαιιισ</strong></span> <span class='ocrx_word' id='word_1_574' title='bbox 414 4256 480 4302; x_wconf 83' lang='lat' dir='ltr'><strong>astet</strong></span> <span class='ocrx_word' id='word_1_575' title='bbox 511 4248 537 4301; x_wconf 83' lang='lat' dir='ltr'><strong>ai</strong></span> <span class='ocrx_word' id='word_1_576' title='bbox 551 4248 612 4302; x_wconf 84' lang='lat' dir='ltr'><strong>deos</strong></span> <span class='ocrx_word' id='word_1_577' title='bbox 624 4247 732 4313; x_wconf 75' lang='grc' dir='ltr'><strong>(σταται,</strong></span> <span class='ocrx_word' id='word_1_578' title='bbox 747 4247 847 4314; x_wconf 75' lang='lat' dir='ltr'><strong>{rastro</strong></span> <span class='ocrx_word' id='word_1_579' title='bbox 860 4261 929 4315; x_wconf 78' lang='lat' dir='ltr'><strong>pro·</strong></span> <span class='ocrx_word' id='word_1_580' title='bbox 985 4245 1160 4302; x_wconf 72' lang='lat' dir='ltr'><strong>concedentis</strong></span> <span class='ocrx_word' id='word_1_581' title='bbox 1175 4247 1324 4303; x_wconf 85' lang='lat' dir='ltr'><strong>narrattoni</strong></span> <span class='ocrx_word' id='word_1_582' title='bbox 1339 4260 1436 4318; x_wconf 90' lang='lat' dir='ltr'><strong>parum</strong></span> <span class='ocrx_word' id='word_1_583' title='bbox 1455 4245 1506 4301; x_wconf 80' lang='lat' dir='ltr'><strong>sitsi</strong></span> <span class='ocrx_word' id='word_1_584' title='bbox 1518 4256 1613 4329; x_wconf 76' lang='lat' dir='ltr'><strong>quotae.</strong></span> <span class='ocrx_word' id='word_1_585' title='bbox 1631 4246 1774 4304; x_wconf 81' lang='lat' dir='ltr'><strong>Distiuotio</strong></span> 
     </span>
     <span class='ocr_line' id='line_1_45' title="bbox 147 4264 1773 4387; baseline 0.002 -18"><span class='ocrx_word' id='word_1_586' title='bbox 147 4314 256 4370; x_wconf 72' lang='lat' dir='ltr'><strong>sumitis</strong></span> <span class='ocrx_word' id='word_1_587' title='bbox 273 4314 336 4373; x_wconf 80' lang='lat' dir='ltr'><strong>risos</strong></span> <span class='ocrx_word' id='word_1_588' title='bbox 350 4315 435 4385; x_wconf 78' lang='lat' dir='ltr'><strong>{setas</strong></span> <span class='ocrx_word' id='word_1_589' title='bbox 455 4264 600 4386; x_wconf 73' lang='grc' dir='ltr'><strong>σκίαιειιάο</strong></span> <span class='ocrx_word' id='word_1_590' title='bbox 620 4317 757 4386; x_wconf 72' lang='lat' dir='ltr'><strong>sacrosan.</strong></span> <span class='ocrx_word' id='word_1_591' title='bbox 773 4312 931 4382; x_wconf 78' lang='lat' dir='ltr'><strong>Prodentii,</strong></span> <span class='ocrx_word' id='word_1_592' title='bbox 984 4316 1025 4372; x_wconf 88' lang='lat' dir='ltr'><strong>sie</strong></span> <span class='ocrx_word' id='word_1_593' title='bbox 1041 4314 1198 4373; x_wconf 84' lang='lat' dir='ltr'><strong>cotiooauda</strong></span> <span class='ocrx_word' id='word_1_594' title='bbox 1217 4325 1271 4383; x_wconf 85' lang='lat' dir='ltr'><strong>est,</strong></span> <span class='ocrx_word' id='word_1_595' title='bbox 1299 4326 1329 4370; x_wconf 90' lang='lat' dir='ltr'><strong>at</strong></span> <span class='ocrx_word' id='word_1_596' title='bbox 1346 4330 1395 4372; x_wconf 87' lang='lat' dir='ltr'><strong>nos</strong></span> <span class='ocrx_word' id='word_1_597' title='bbox 1414 4315 1459 4372; x_wconf 87' lang='lat' dir='ltr'><strong>hia</strong></span> <span class='ocrx_word' id='word_1_598' title='bbox 1476 4317 1656 4387; x_wconf 70' lang='lat' dir='ltr'><strong>sumpsimus:</strong></span> <span class='ocrx_word' id='word_1_599' title='bbox 1675 4316 1773 4373; x_wconf 72' lang='lat' dir='ltr'><strong>noeto</strong></span> 
     </span>
     <span class='ocr_line' id='line_1_46' title="bbox 148 4383 1774 4456; baseline 0.002 -18"><span class='ocrx_word' id='word_1_600' title='bbox 148 4383 288 4455; x_wconf 83' lang='lat' dir='ltr'><strong>Prospeat,</strong></span> <span class='ocrx_word' id='word_1_601' title='bbox 302 4383 417 4449; x_wconf 71' lang='lat' dir='ltr'><strong>Seduni,</strong></span> <span class='ocrx_word' id='word_1_602' title='bbox 430 4385 525 4440; x_wconf 77' lang='lat' dir='ltr'><strong>Alcimi</strong></span> <span class='ocrx_word' id='word_1_603' title='bbox 543 4387 627 4452; x_wconf 75' lang='lat' dir='ltr'><strong>Aviti,</strong></span> <span class='ocrx_word' id='word_1_604' title='bbox 645 4383 796 4453; x_wconf 75' lang='lat' dir='ltr'><strong>Fortunati,</strong></span> <span class='ocrx_word' id='word_1_605' title='bbox 812 4385 871 4441; x_wconf 85' lang='lat' dir='ltr'><strong>toas</strong></span> <span class='ocrx_word' id='word_1_606' title='bbox 884 4400 932 4442; x_wconf 89' lang='lat' dir='ltr'><strong>no·</strong></span> <span class='ocrx_word' id='word_1_607' title='bbox 984 4400 1048 4456; x_wconf 85' lang='lat' dir='ltr'><strong>qso,</strong></span> <span class='ocrx_word' id='word_1_608' title='bbox 1069 4384 1159 4455; x_wconf 82' lang='lat' dir='ltr'><strong>aitqua</strong></span> <span class='ocrx_word' id='word_1_609' title='bbox 1170 4394 1259 4441; x_wconf 83' lang='grc' dir='ltr'><strong>ιαιιιειι</strong></span> <span class='ocrx_word' id='word_1_610' title='bbox 1274 4387 1353 4440; x_wconf 83' lang='lat' dir='ltr'><strong>moda</strong></span> <span class='ocrx_word' id='word_1_611' title='bbox 1371 4386 1437 4441; x_wconf 74' lang='lat' dir='ltr'><strong>attii</strong></span> <span class='ocrx_word' id='word_1_612' title='bbox 1450 4387 1513 4441; x_wconf 77' lang='lat' dir='ltr'><strong>icae</strong></span> <span class='ocrx_word' id='word_1_613' title='bbox 1527 4388 1685 4442; x_wconf 77' lang='lat' dir='ltr'><strong>ratiocinari</strong></span> <span class='ocrx_word' id='word_1_614' title='bbox 1698 4388 1774 4443; x_wconf 80' lang='lat' dir='ltr'><strong>oide-</strong></span> 
     </span>
     <span class='ocr_line' id='line_1_47' title="bbox 150 4451 1774 4526; baseline 0.005 -22"><span class='ocrx_word' id='word_1_615' title='bbox 150 4454 216 4506; x_wconf 87' lang='lat' dir='ltr'><strong>tarit</strong></span> <span class='ocrx_word' id='word_1_616' title='bbox 237 4452 271 4509; x_wconf 84' lang='lat' dir='ltr'><strong>G.</strong></span> <span class='ocrx_word' id='word_1_617' title='bbox 298 4452 438 4509; x_wconf 67' lang='lat' dir='ltr'><strong>fabricius</strong></span> <span class='ocrx_word' id='word_1_618' title='bbox 457 4456 489 4508; x_wconf 92' lang='lat' dir='ltr'><strong>ad</strong></span> <span class='ocrx_word' id='word_1_619' title='bbox 505 4466 599 4526; x_wconf 88' lang='lat' dir='ltr'><strong>poetas</strong></span> <span class='ocrx_word' id='word_1_620' title='bbox 618 4454 797 4512; x_wconf 79' lang='lat' dir='ltr'><strong>Christianos.</strong></span> <span class='ocrx_word' id='word_1_621' title='bbox 815 4454 836 4511; x_wconf 85' lang='lat' dir='ltr'>C</span> <span class='ocrx_word' id='word_1_622' title='bbox 858 4453 934 4511; x_wconf 83' lang='lat' dir='ltr'><strong>silius</strong></span> <span class='ocrx_word' id='word_1_623' title='bbox 950 4451 972 4508; x_wconf 82' lang='grc' dir='ltr'><strong>ί)</strong></span> <span class='ocrx_word' id='word_1_624' title='bbox 986 4457 1035 4511; x_wconf 83' lang='lat' dir='ltr'><strong>ria.</strong></span> <span class='ocrx_word' id='word_1_625' title='bbox 1047 4453 1173 4510; x_wconf 82' lang='grc' dir='ltr'><strong>Πέττονδά</strong></span> <span class='ocrx_word' id='word_1_626' title='bbox 1181 4469 1225 4509; x_wconf 90' lang='grc' dir='ltr'><strong>τι·</strong></span> <span class='ocrx_word' id='word_1_627' title='bbox 1239 4455 1328 4526; x_wconf 87' lang='lat' dir='ltr'><strong>aiiqsa</strong></span> <span class='ocrx_word' id='word_1_628' title='bbox 1339 4465 1388 4511; x_wconf 77' lang='lat' dir='ltr'><strong>tan</strong></span> <span class='ocrx_word' id='word_1_629' title='bbox 1397 4457 1449 4511; x_wconf 86' lang='lat' dir='ltr'><strong>ista</strong></span> <span class='ocrx_word' id='word_1_630' title='bbox 1461 4456 1582 4512; x_wconf 76' lang='lat' dir='ltr'><strong>doctrina</strong></span> <span class='ocrx_word' id='word_1_631' title='bbox 1594 4470 1774 4522; x_wconf 73' lang='lat' dir='ltr'><strong>sonnonem</strong></span> 
     </span>
     <span class='ocr_line' id='line_1_48' title="bbox 150 4471 1774 4597; baseline 0.004 -22"><span class='ocrx_word' id='word_1_632' title='bbox 150 4520 179 4575; x_wconf 89' lang='lat' dir='ltr'><strong>in</strong></span> <span class='ocrx_word' id='word_1_633' title='bbox 195 4521 333 4578; x_wconf 79' lang='lat' dir='ltr'><strong>Glossario</strong></span> <span class='ocrx_word' id='word_1_634' title='bbox 354 4543 361 4580; x_wconf 83' lang='grc' dir='ltr'><strong>τ</strong></span> <span class='ocrx_word' id='word_1_635' title='bbox 382 4523 517 4597; x_wconf 78' lang='grc' dir='ltr'><strong>Ποιητὴς.</strong></span> <span class='ocrx_word' id='word_1_636' title='bbox 540 4527 555 4579; x_wconf 88' lang='grc' dir='ltr'><strong>ἀ</strong></span> <span class='ocrx_word' id='word_1_637' title='bbox 576 4524 817 4597; x_wconf 72' lang='grc' dir='ltr'><strong>κατασκευαστης,</strong></span> <span class='ocrx_word' id='word_1_638' title='bbox 835 4471 934 4594; x_wconf 51' lang='lat' dir='ltr'><strong>foetor.</strong></span> <span class='ocrx_word' id='word_1_639' title='bbox 988 4525 1036 4579; x_wconf 77' lang='grc' dir='ltr'><strong>καί</strong></span> <span class='ocrx_word' id='word_1_640' title='bbox 1061 4524 1092 4578; x_wconf 81' lang='grc' dir='ltr'><strong>οὐ</strong></span> <span class='ocrx_word' id='word_1_641' title='bbox 1113 4523 1184 4579; x_wconf 85' lang='grc' dir='ltr'><strong>πάνυ</strong></span> <span class='ocrx_word' id='word_1_642' title='bbox 1211 4542 1254 4579; x_wconf 91' lang='grc' dir='ltr'><strong>σοι</strong></span> <span class='ocrx_word' id='word_1_643' title='bbox 1282 4525 1422 4596; x_wconf 84' lang='grc' dir='ltr'><strong>πείθομαι.</strong></span> <span class='ocrx_word' id='word_1_644' title='bbox 1450 4526 1645 4592; x_wconf 71' lang='lat' dir='ltr'><strong>sitibundum,</strong></span> <span class='ocrx_word' id='word_1_645' title='bbox 1666 4527 1774 4595; x_wconf 78' lang='lat' dir='ltr'><strong>adjecta</strong></span> 
     </span>
     <span class='ocr_line' id='line_1_49' title="bbox 149 4591 1772 4714; baseline 0 -66"><span class='ocrx_word' id='word_1_646' title='bbox 149 4591 346 4648; x_wconf 79' lang='lat' dir='ltr'><strong>(inornantoon</strong></span> <span class='ocrx_word' id='word_1_647' title='bbox 358 4603 438 4650; x_wconf 82' lang='lat' dir='ltr'><strong>vetus</strong></span> <span class='ocrx_word' id='word_1_648' title='bbox 455 4635 461 4648; x_wconf 96' lang='lat'><strong>.</strong></span> <span class='ocrx_word' id='word_1_649' title='bbox 480 4591 587 4655; x_wconf 79' lang='lat' dir='ltr'><strong>Fauor,</strong></span> <span class='ocrx_word' id='word_1_650' title='bbox 603 4595 729 4714; x_wconf 77' lang='grc' dir='ltr'><strong>ποιητης.</strong></span> <span class='ocrx_word' id='word_1_651' title='bbox 747 4591 788 4649; x_wconf 72' lang='lat' dir='ltr'><strong>lit.</strong></span> <span class='ocrx_word' id='word_1_652' title='bbox 802 4592 935 4664; x_wconf 83' lang='lat' dir='ltr'><strong>Gorippus</strong></span> <span class='ocrx_word' id='word_1_653' title='bbox 987 4608 1040 4649; x_wconf 87' lang='lat' dir='ltr'><strong>urta</strong></span> <span class='ocrx_word' id='word_1_654' title='bbox 1057 4594 1164 4659; x_wconf 76' lang='lat' dir='ltr'><strong>littera,</strong></span> <span class='ocrx_word' id='word_1_655' title='bbox 1179 4596 1305 4650; x_wconf 81' lang='lat' dir='ltr'><strong>existimo</strong></span> <span class='ocrx_word' id='word_1_656' title='bbox 1323 4614 1330 4651; x_wconf 91' lang='lat'>:</span> <span class='ocrx_word' id='word_1_657' title='bbox 1347 4595 1396 4649; x_wconf 80' lang='grc' dir='ltr'><strong>καί</strong></span> <span class='ocrx_word' id='word_1_658' title='bbox 1416 4595 1448 4649; x_wconf 85' lang='grc' dir='ltr'><strong>σὺ</strong></span> <span class='ocrx_word' id='word_1_659' title='bbox 1472 4596 1544 4649; x_wconf 87' lang='grc' dir='ltr'><strong>πάνυ</strong></span> <span class='ocrx_word' id='word_1_660' title='bbox 1573 4613 1614 4650; x_wconf 90' lang='grc' dir='ltr'><strong>σοι</strong></span> <span class='ocrx_word' id='word_1_661' title='bbox 1631 4595 1772 4665; x_wconf 80' lang='grc' dir='ltr'><strong>πείθομαι.</strong></span> 
     </span>
     <span class='ocr_line' id='line_1_50' title="bbox 149 4659 1772 4735; baseline 0.001 -20"><span class='ocrx_word' id='word_1_662' title='bbox 149 4660 198 4716; x_wconf 82' lang='lat' dir='ltr'><strong>tto.</strong></span> <span class='ocrx_word' id='word_1_663' title='bbox 213 4675 221 4715; x_wconf 91' lang='lat' dir='ltr'><strong>t</strong></span> <span class='ocrx_word' id='word_1_664' title='bbox 244 4659 309 4733; x_wconf 77' lang='lat' dir='ltr'><strong>[Sed</strong></span> <span class='ocrx_word' id='word_1_665' title='bbox 329 4662 416 4733; x_wconf 72' lang='lat' dir='ltr'><strong>foetor</strong></span> <span class='ocrx_word' id='word_1_666' title='bbox 430 4664 491 4718; x_wconf 84' lang='lat' dir='ltr'><strong>sotis</strong></span> <span class='ocrx_word' id='word_1_667' title='bbox 504 4672 641 4732; x_wconf 75' lang='lat' dir='ltr'><strong>postquam</strong></span> <span class='ocrx_word' id='word_1_668' title='bbox 661 4679 690 4715; x_wconf 91' lang='grc' dir='ltr'><strong>ιιι</strong></span> <span class='ocrx_word' id='word_1_669' title='bbox 724 4661 778 4716; x_wconf 79' lang='grc' dir='ltr'><strong>τοία</strong></span> <span class='ocrx_word' id='word_1_670' title='bbox 791 4663 874 4717; x_wconf 79' lang='lat' dir='ltr'><strong>videri</strong></span> <span class='ocrx_word' id='word_1_671' title='bbox 886 4661 935 4735; x_wconf 75' lang='lat' dir='ltr'><strong>[Se</strong></span> <span class='ocrx_word' id='word_1_672' title='bbox 987 4660 1063 4719; x_wconf 86' lang='lat' dir='ltr'><strong>Scite</strong></span> <span class='ocrx_word' id='word_1_673' title='bbox 1076 4663 1212 4719; x_wconf 89' lang='lat' dir='ltr'><strong>itomiuem</strong></span> <span class='ocrx_word' id='word_1_674' title='bbox 1226 4663 1376 4717; x_wconf 82' lang='lat' dir='ltr'><strong>fastuosum</strong></span> <span class='ocrx_word' id='word_1_675' title='bbox 1394 4665 1434 4717; x_wconf 87' lang='lat' dir='ltr'><strong>sie</strong></span> <span class='ocrx_word' id='word_1_676' title='bbox 1446 4665 1599 4731; x_wconf 84' lang='lat' dir='ltr'><strong>toquentem</strong></span> <span class='ocrx_word' id='word_1_677' title='bbox 1615 4665 1727 4725; x_wconf 84' lang='lat' dir='ltr'><strong>inducit,</strong></span> <span class='ocrx_word' id='word_1_678' title='bbox 1742 4670 1772 4716; x_wconf 86' lang='lat' dir='ltr'><strong>ut</strong></span> 
     </span>
     <span class='ocr_line' id='line_1_51' title="bbox 148 4730 1772 4802; baseline 0.001 -18"><span class='ocrx_word' id='word_1_679' title='bbox 148 4730 240 4784; x_wconf 72' lang='lat' dir='ltr'><strong>notata.</strong></span> <span class='ocrx_word' id='word_1_680' title='bbox 266 4732 429 4788; x_wconf 76' lang='lat' dir='ltr'><strong>Prudentius</strong></span> <span class='ocrx_word' id='word_1_681' title='bbox 447 4751 455 4788; x_wconf 79' lang='grc' dir='ltr'><strong>τ</strong></span> <span class='ocrx_word' id='word_1_682' title='bbox 474 4732 687 4802; x_wconf 78' lang='lat' dir='ltr'><strong>Haudquaquam</strong></span> <span class='ocrx_word' id='word_1_683' title='bbox 703 4731 753 4783; x_wconf 84' lang='lat' dir='ltr'><strong>soti</strong></span> <span class='ocrx_word' id='word_1_684' title='bbox 764 4731 843 4784; x_wconf 78' lang='lat' dir='ltr'><strong>datur</strong></span> <span class='ocrx_word' id='word_1_685' title='bbox 858 4748 875 4784; x_wconf 94' lang='lat' dir='ltr'><strong>o</strong></span> <span class='ocrx_word' id='word_1_686' title='bbox 891 4730 935 4799; x_wconf 80' lang='lat' dir='ltr'><strong>{a-</strong></span> <span class='ocrx_word' id='word_1_687' title='bbox 986 4732 1145 4802; x_wconf 78' lang='lat' dir='ltr'><strong>persuaderi</strong></span> <span class='ocrx_word' id='word_1_688' title='bbox 1155 4732 1239 4785; x_wconf 79' lang='lat' dir='ltr'><strong>etiarn</strong></span> <span class='ocrx_word' id='word_1_689' title='bbox 1253 4746 1399 4800; x_wconf 78' lang='lat' dir='ltr'><strong>persuasus</strong></span> <span class='ocrx_word' id='word_1_690' title='bbox 1414 4732 1490 4793; x_wconf 84' lang='lat' dir='ltr'><strong>notit.</strong></span> <span class='ocrx_word' id='word_1_691' title='bbox 1505 4746 1593 4800; x_wconf 85' lang='lat' dir='ltr'><strong>aeque</strong></span> <span class='ocrx_word' id='word_1_692' title='bbox 1610 4733 1727 4785; x_wconf 79' lang='lat' dir='ltr'><strong>fateatur</strong></span> <span class='ocrx_word' id='word_1_693' title='bbox 1741 4743 1772 4785; x_wconf 84' lang='lat' dir='ltr'><strong>so</strong></span> 
     </span>
     <span class='ocr_line' id='line_1_52' title="bbox 149 4797 1772 4871; baseline 0.001 -20"><span class='ocrx_word' id='word_1_694' title='bbox 149 4809 222 4853; x_wconf 83' lang='lat' dir='ltr'><strong>atara</strong></span> <span class='ocrx_word' id='word_1_695' title='bbox 235 4810 360 4868; x_wconf 78' lang='lat' dir='ltr'><strong>potestas.</strong></span> <span class='ocrx_word' id='word_1_696' title='bbox 377 4803 496 4859; x_wconf 88' lang='lat' dir='ltr'><strong>Utuntur</strong></span> <span class='ocrx_word' id='word_1_697' title='bbox 507 4802 627 4871; x_wconf 88' lang='lat' dir='ltr'><strong>quinimo</strong></span> <span class='ocrx_word' id='word_1_698' title='bbox 643 4799 720 4865; x_wconf 77' lang='lat' dir='ltr'><strong>Cato,</strong></span> <span class='ocrx_word' id='word_1_699' title='bbox 731 4797 778 4852; x_wconf 83' lang='lat' dir='ltr'><strong>tm.</strong></span> <span class='ocrx_word' id='word_1_700' title='bbox 794 4798 831 4854; x_wconf 84' lang='lat' dir='ltr'><strong>De</strong></span> <span class='ocrx_word' id='word_1_701' title='bbox 848 4816 875 4853; x_wconf 85' lang='lat' dir='ltr'><strong>re</strong></span> <span class='ocrx_word' id='word_1_702' title='bbox 889 4814 935 4852; x_wconf 86' lang='lat' dir='ltr'><strong>rs·</strong></span> <span class='ocrx_word' id='word_1_703' title='bbox 986 4800 1020 4853; x_wconf 86' lang='lat' dir='ltr'><strong>ab</strong></span> <span class='ocrx_word' id='word_1_704' title='bbox 1039 4799 1192 4863; x_wconf 74' lang='lat' dir='ltr'><strong>eadmeri,</strong></span> <span class='ocrx_word' id='word_1_705' title='bbox 1207 4810 1287 4866; x_wconf 88' lang='lat' dir='ltr'><strong>quom</strong></span> <span class='ocrx_word' id='word_1_706' title='bbox 1306 4800 1384 4864; x_wconf 76' lang='lat' dir='ltr'><strong>touqe</strong></span> <span class='ocrx_word' id='word_1_707' title='bbox 1403 4808 1432 4851; x_wconf 94' lang='lat' dir='ltr'><strong>ut</strong></span> <span class='ocrx_word' id='word_1_708' title='bbox 1446 4813 1495 4853; x_wconf 85' lang='lat' dir='ltr'><strong>saa</strong></span> <span class='ocrx_word' id='word_1_709' title='bbox 1507 4801 1686 4855; x_wconf 87' lang='lat' dir='ltr'><strong>eruditionem</strong></span> <span class='ocrx_word' id='word_1_710' title='bbox 1705 4797 1772 4853; x_wconf 82' lang='lat' dir='ltr'><strong>iaie·</strong></span> 
     </span>
     <span class='ocr_line' id='line_1_53' title="bbox 149 4867 1771 4992; baseline 0.002 -71"><span class='ocrx_word' id='word_1_711' title='bbox 149 4869 241 4992; x_wconf 79' lang='lat' dir='ltr'><strong>atico,8</strong></span> <span class='ocrx_word' id='word_1_712' title='bbox 248 4869 425 4992; x_wconf 46' lang='lat' dir='ltr'><strong>ehi‘attadins</strong></span> <span class='ocrx_word' id='word_1_713' title='bbox 438 4882 467 4927; x_wconf 92' lang='lat' dir='ltr'><strong>nt</strong></span> <span class='ocrx_word' id='word_1_714' title='bbox 484 4869 758 4928; x_wconf 79' lang='lat' dir='ltr'><strong>notatumttdteasar.</strong></span> <span class='ocrx_word' id='word_1_715' title='bbox 776 4868 823 4922; x_wconf 85' lang='lat' dir='ltr'><strong>tiu.</strong></span> <span class='ocrx_word' id='word_1_716' title='bbox 839 4883 932 4936; x_wconf 78' lang='lat' dir='ltr'><strong>xxxix,</strong></span> <span class='ocrx_word' id='word_1_717' title='bbox 987 4868 1093 4989; x_wconf 78' lang='lat' dir='ltr'><strong>staremb</strong></span> <span class='ocrx_word' id='word_1_718' title='bbox 1101 4867 1444 4987; x_wconf 45' lang='lat' dir='ltr'><strong>ootssetnpserathnetenua</strong></span> <span class='ocrx_word' id='word_1_719' title='bbox 1457 4875 1485 4922; x_wconf 89' lang='lat' dir='ltr'><strong>et</strong></span> <span class='ocrx_word' id='word_1_720' title='bbox 1502 4876 1557 4922; x_wconf 87' lang='lat' dir='ltr'><strong>tum</strong></span> <span class='ocrx_word' id='word_1_721' title='bbox 1577 4881 1686 4938; x_wconf 86' lang='lat' dir='ltr'><strong>quoque</strong></span> <span class='ocrx_word' id='word_1_722' title='bbox 1703 4880 1771 4924; x_wconf 81' lang='lat' dir='ltr'><strong>toa·</strong></span> 
     </span>
     <span class='ocr_line' id='line_1_54' title="bbox 169 4945 1195 4997; baseline -0.001 -8"><span class='ocrx_word' id='word_1_723' title='bbox 169 4951 212 4991; x_wconf 81' lang='lat' dir='ltr'><strong>a.</strong></span> <span class='ocrx_word' id='word_1_724' title='bbox 243 4976 251 4993; x_wconf 89' lang='lat'><strong>.</strong></span> <span class='ocrx_word' id='word_1_725' title='bbox 305 4979 313 4997; x_wconf 83' lang='lat'><strong>.</strong></span> <span class='ocrx_word' id='word_1_726' title='bbox 987 4945 1132 4992; x_wconf 76' lang='lat' dir='ltr'><strong>totatueai.</strong></span> <span class='ocrx_word' id='word_1_727' title='bbox 1169 4951 1195 4989; x_wconf 82' lang='lat' dir='ltr'><strong>a.</strong></span> 
     </span>
     <span class='ocr_line' id='line_1_55' title="bbox 151 4952 1771 5080; baseline -0.001 -17"><span class='ocrx_word' id='word_1_728' title='bbox 151 4952 168 4992; x_wconf 55' lang='lat' dir='ltr'><strong>c</strong></span> <span class='ocrx_word' id='word_1_729' title='bbox 186 4952 227 5079; x_wconf 71' lang='grc' dir='ltr'><strong>ίά)</strong></span> <span class='ocrx_word' id='word_1_730' title='bbox 237 4956 344 5080; x_wconf 44' lang='lat' dir='ltr'><strong>adaiae.</strong></span> <span class='ocrx_word' id='word_1_731' title='bbox 362 5010 443 5066; x_wconf 85' lang='lat' dir='ltr'><strong>Ratio</strong></span> <span class='ocrx_word' id='word_1_732' title='bbox 457 5012 514 5066; x_wconf 85' lang='lat' dir='ltr'><strong>sive</strong></span> <span class='ocrx_word' id='word_1_733' title='bbox 532 5022 609 5064; x_wconf 85' lang='lat' dir='ltr'><strong>testor</strong></span> <span class='ocrx_word' id='word_1_734' title='bbox 620 5006 718 5062; x_wconf 80' lang='lat' dir='ltr'><strong>diuinae</strong></span> <span class='ocrx_word' id='word_1_735' title='bbox 731 5006 872 5061; x_wconf 85' lang='lat' dir='ltr'><strong>bonitatis.</strong></span> <span class='ocrx_word' id='word_1_736' title='bbox 890 5005 934 5062; x_wconf 86' lang='lat' dir='ltr'><strong>Sia</strong></span> <span class='ocrx_word' id='word_1_737' title='bbox 1021 5005 1059 5076; x_wconf 84' lang='lat'><strong>(8)</strong></span> <span class='ocrx_word' id='word_1_738' title='bbox 1073 5004 1176 5074; x_wconf 76' lang='lat' dir='ltr'><strong>ssaaqp</strong></span> <span class='ocrx_word' id='word_1_739' title='bbox 1191 5019 1224 5058; x_wconf 80' lang='lat' dir='ltr'><strong>so</strong></span> <span class='ocrx_word' id='word_1_740' title='bbox 1235 5003 1285 5059; x_wconf 78' lang='grc' dir='ltr'><strong>καί</strong></span> <span class='ocrx_word' id='word_1_741' title='bbox 1296 5004 1315 5058; x_wconf 82' lang='grc' dir='ltr'><strong>ά</strong></span> <span class='ocrx_word' id='word_1_742' title='bbox 1328 5004 1424 5072; x_wconf 76' lang='grc' dir='ltr'><strong>ἥλιος.</strong></span> <span class='ocrx_word' id='word_1_743' title='bbox 1435 5004 1486 5061; x_wconf 83' lang='lat' dir='ltr'><strong>Per</strong></span> <span class='ocrx_word' id='word_1_744' title='bbox 1501 5017 1605 5075; x_wconf 85' lang='lat' dir='ltr'><strong>patrem</strong></span> <span class='ocrx_word' id='word_1_745' title='bbox 1616 5003 1708 5068; x_wconf 84' lang='lat' dir='ltr'><strong>Pater.</strong></span> <span class='ocrx_word' id='word_1_746' title='bbox 1722 5021 1771 5073; x_wconf 89' lang='lat' dir='ltr'><strong>per</strong></span> 
     </span>
     <span class='ocr_line' id='line_1_56' title="bbox 150 5072 1771 5142; baseline 0 -11"><span class='ocrx_word' id='word_1_747' title='bbox 150 5078 223 5131; x_wconf 87' lang='lat' dir='ltr'><strong>euim</strong></span> <span class='ocrx_word' id='word_1_748' title='bbox 249 5083 319 5134; x_wconf 85' lang='lat' dir='ltr'><strong>satio</strong></span> <span class='ocrx_word' id='word_1_749' title='bbox 342 5082 465 5136; x_wconf 79' lang='lat' dir='ltr'><strong>ordinem</strong></span> <span class='ocrx_word' id='word_1_750' title='bbox 486 5082 584 5142; x_wconf 88' lang='lat' dir='ltr'><strong>etiam,</strong></span> <span class='ocrx_word' id='word_1_751' title='bbox 608 5078 722 5142; x_wconf 84' lang='lat' dir='ltr'><strong>seriem,</strong></span> <span class='ocrx_word' id='word_1_752' title='bbox 743 5075 865 5131; x_wconf 85' lang='lat' dir='ltr'><strong>dettotat.</strong></span> <span class='ocrx_word' id='word_1_753' title='bbox 889 5076 934 5132; x_wconf 87' lang='lat' dir='ltr'><strong>Sic</strong></span> <span class='ocrx_word' id='word_1_754' title='bbox 985 5076 1070 5130; x_wconf 85' lang='lat' dir='ltr'><strong>sutem</strong></span> <span class='ocrx_word' id='word_1_755' title='bbox 1088 5072 1203 5129; x_wconf 74' lang='lat' dir='ltr'><strong>Effector</strong></span> <span class='ocrx_word' id='word_1_756' title='bbox 1226 5074 1433 5136; x_wconf 57' lang='lat' dir='ltr'><strong>suessanum.</strong></span> <span class='ocrx_word' id='word_1_757' title='bbox 1455 5076 1501 5131; x_wconf 85' lang='lat' dir='ltr'><strong>Sia</strong></span> <span class='ocrx_word' id='word_1_758' title='bbox 1518 5076 1591 5131; x_wconf 88' lang='lat' dir='ltr'><strong>euim</strong></span> <span class='ocrx_word' id='word_1_759' title='bbox 1608 5087 1771 5133; x_wconf 77' lang='lat' dir='ltr'><strong>enarrantur</strong></span> 
     </span>
     <span class='ocr_line' id='line_1_57' title="bbox 149 5143 1769 5216; baseline 0.001 -17"><span class='ocrx_word' id='word_1_760' title='bbox 149 5146 231 5210; x_wconf 84' lang='lat' dir='ltr'><strong>ratio,</strong></span> <span class='ocrx_word' id='word_1_761' title='bbox 250 5147 271 5201; x_wconf 84' lang='lat' dir='ltr'>E</span> <span class='ocrx_word' id='word_1_762' title='bbox 291 5149 358 5203; x_wconf 89' lang='lat' dir='ltr'><strong>ieuri</strong></span> <span class='ocrx_word' id='word_1_763' title='bbox 373 5150 504 5203; x_wconf 74' lang='lat' dir='ltr'><strong>doctriua</strong></span> <span class='ocrx_word' id='word_1_764' title='bbox 524 5147 612 5203; x_wconf 85' lang='lat' dir='ltr'><strong>omnis</strong></span> <span class='ocrx_word' id='word_1_765' title='bbox 633 5146 711 5212; x_wconf 84' lang='lat' dir='ltr'><strong>orda,</strong></span> <span class='ocrx_word' id='word_1_766' title='bbox 728 5145 865 5201; x_wconf 83' lang='lat' dir='ltr'><strong>Lucretio.</strong></span> <span class='ocrx_word' id='word_1_767' title='bbox 883 5147 932 5201; x_wconf 82' lang='lat' dir='ltr'><strong>Ba.</strong></span> <span class='ocrx_word' id='word_1_768' title='bbox 987 5146 1044 5200; x_wconf 77' lang='lat' dir='ltr'><strong>ttae</strong></span> <span class='ocrx_word' id='word_1_769' title='bbox 1064 5159 1112 5212; x_wconf 84' lang='lat' dir='ltr'><strong>por</strong></span> <span class='ocrx_word' id='word_1_770' title='bbox 1129 5143 1281 5212; x_wconf 84' lang='lat' dir='ltr'><strong>sequeutia,</strong></span> <span class='ocrx_word' id='word_1_771' title='bbox 1297 5151 1326 5197; x_wconf 87' lang='lat' dir='ltr'><strong>at</strong></span> <span class='ocrx_word' id='word_1_772' title='bbox 1343 5154 1406 5199; x_wconf 81' lang='grc' dir='ltr'><strong>νυοί</strong></span> <span class='ocrx_word' id='word_1_773' title='bbox 1421 5144 1608 5212; x_wconf 83' lang='lat' dir='ltr'><strong>stolidissima,</strong></span> <span class='ocrx_word' id='word_1_774' title='bbox 1627 5160 1676 5201; x_wconf 86' lang='lat' dir='ltr'><strong>nee</strong></span> <span class='ocrx_word' id='word_1_775' title='bbox 1689 5147 1769 5216; x_wconf 70' lang='lat' dir='ltr'><strong>digna</strong></span> 
     </span>
     <span class='ocr_line' id='line_1_58' title="bbox 187 5163 1770 5297; baseline 0.001 -26"><span class='ocrx_word' id='word_1_776' title='bbox 187 5217 226 5286; x_wconf 79' lang='grc' dir='ltr'><strong>(ί)</strong></span> <span class='ocrx_word' id='word_1_777' title='bbox 240 5163 305 5273; x_wconf 55' lang='lat' dir='ltr'><strong>liupr</strong></span> <span class='ocrx_word' id='word_1_778' title='bbox 319 5218 368 5273; x_wconf 79' lang='grc' dir='ltr'><strong>ὅτε</strong></span> <span class='ocrx_word' id='word_1_779' title='bbox 375 5219 524 5285; x_wconf 75' lang='grc' dir='ltr'><strong>βούληται</strong></span> <span class='ocrx_word' id='word_1_780' title='bbox 537 5217 644 5286; x_wconf 74' lang='grc' dir='ltr'><strong>δημίου</strong></span> <span class='ocrx_word' id='word_1_781' title='bbox 688 5213 711 5271; x_wconf 89' lang='grc'><strong>”.</strong></span> <span class='ocrx_word' id='word_1_782' title='bbox 726 5215 767 5271; x_wconf 76' lang='lat' dir='ltr'><strong>Ad</strong></span> <span class='ocrx_word' id='word_1_783' title='bbox 782 5229 857 5271; x_wconf 87' lang='lat' dir='ltr'><strong>oratu</strong></span> <span class='ocrx_word' id='word_1_784' title='bbox 872 5216 934 5271; x_wconf 84' lang='lat' dir='ltr'><strong>iibri</strong></span> <span class='ocrx_word' id='word_1_785' title='bbox 984 5214 1083 5295; x_wconf 82' lang='lat' dir='ltr'><strong>quinus</strong></span> <span class='ocrx_word' id='word_1_786' title='bbox 1097 5213 1238 5284; x_wconf 75' lang='lat' dir='ltr'><strong>exigendis</strong></span> <span class='ocrx_word' id='word_1_787' title='bbox 1252 5213 1279 5266; x_wconf 89' lang='lat' dir='ltr'><strong>in</strong></span> <span class='ocrx_word' id='word_1_788' title='bbox 1293 5222 1374 5295; x_wconf 73' lang='lat' dir='ltr'><strong>tentet</strong></span> <span class='ocrx_word' id='word_1_789' title='bbox 1386 5215 1477 5297; x_wconf 75' lang='lat' dir='ltr'><strong>alteas.</strong></span> <span class='ocrx_word' id='word_1_790' title='bbox 1494 5215 1659 5296; x_wconf 82' lang='lat' dir='ltr'><strong>Simpliciter</strong></span> <span class='ocrx_word' id='word_1_791' title='bbox 1672 5230 1770 5272; x_wconf 82' lang='lat' dir='ltr'><strong>sensus</strong></span> 
     </span>
     <span class='ocr_line' id='line_1_59' title="bbox 642 5232 1771 5365; baseline 0 -24"><span class='ocrx_word' id='word_1_792' title='bbox 642 5232 792 5352; x_wconf 48' lang='grc' dir='ltr'><strong>ρίίάῐδίου</strong></span> <span class='ocrx_word' id='word_1_793' title='bbox 803 5285 934 5358; x_wconf 76' lang='grc' dir='ltr'><strong>δημιουρ·</strong></span> <span class='ocrx_word' id='word_1_794' title='bbox 985 5293 1022 5338; x_wconf 85' lang='lat' dir='ltr'><strong>su</strong></span> <span class='ocrx_word' id='word_1_795' title='bbox 1038 5299 1045 5337; x_wconf 91' lang='lat'>:</span> <span class='ocrx_word' id='word_1_796' title='bbox 1065 5281 1173 5337; x_wconf 86' lang='lat' dir='ltr'><strong>Patrem</strong></span> <span class='ocrx_word' id='word_1_797' title='bbox 1187 5293 1215 5337; x_wconf 87' lang='lat' dir='ltr'><strong>ot</strong></span> <span class='ocrx_word' id='word_1_798' title='bbox 1231 5282 1316 5338; x_wconf 84' lang='lat' dir='ltr'><strong>sotem</strong></span> <span class='ocrx_word' id='word_1_799' title='bbox 1330 5284 1443 5365; x_wconf 74' lang='lat' dir='ltr'><strong>singolis</strong></span> <span class='ocrx_word' id='word_1_800' title='bbox 1459 5285 1615 5340; x_wconf 83' lang='lat' dir='ltr'><strong>hotuuuttus</strong></span> <span class='ocrx_word' id='word_1_801' title='bbox 1631 5298 1695 5342; x_wconf 81' lang='lat' dir='ltr'><strong>snos</strong></span> <span class='ocrx_word' id='word_1_802' title='bbox 1708 5300 1771 5341; x_wconf 86' lang='lat' dir='ltr'><strong>essa</strong></span> 
     </span>
    </p>
   </div>
   <div class='ocr_carea' id='block_1_4' title="bbox 148 5286 1771 5614">
    <p class='ocr_par' dir='ltr' id='par_1_9' title="bbox 148 5286 1771 5614">
     <span class='ocr_line' id='line_1_60' title="bbox 149 5286 645 5359; baseline -0.002 -18"><span class='ocrx_word' id='word_1_803' title='bbox 149 5286 226 5357; x_wconf 76' lang='lat' dir='ltr'><strong>nequ</strong></span> <span class='ocrx_word' id='word_1_804' title='bbox 241 5289 328 5359; x_wconf 68' lang='lat' dir='ltr'><strong>:dqoi</strong></span> <span class='ocrx_word' id='word_1_805' title='bbox 337 5291 384 5342; x_wconf 87' lang='grc' dir='ltr'><strong>καὶ</strong></span> <span class='ocrx_word' id='word_1_806' title='bbox 397 5292 412 5342; x_wconf 87' lang='lat' dir='ltr'><strong>d</strong></span> <span class='ocrx_word' id='word_1_807' title='bbox 423 5288 499 5357; x_wconf 81' lang='grc' dir='ltr'><strong>ίιγιος</strong></span> <span class='ocrx_word' id='word_1_808' title='bbox 506 5288 578 5352; x_wconf 59' lang='lat' dir='ltr'><strong>Maia</strong></span> <span class='ocrx_word' id='word_1_809' title='bbox 618 5304 645 5350; x_wconf 82' lang='lat'><strong>;·</strong></span> 
     </span>
     <span class='ocr_line' id='line_1_61' title="bbox 148 5304 1768 5441; baseline 0 -31"><span class='ocrx_word' id='word_1_810' title='bbox 148 5357 199 5427; x_wconf 84' lang='grc' dir='ltr'><strong>γδς</strong></span> <span class='ocrx_word' id='word_1_811' title='bbox 212 5358 345 5429; x_wconf 79' lang='grc' dir='ltr'><strong>ὑπάρχων</strong></span> <span class='ocrx_word' id='word_1_812' title='bbox 359 5361 373 5412; x_wconf 85' lang='lat' dir='ltr'><strong>d</strong></span> <span class='ocrx_word' id='word_1_813' title='bbox 387 5357 518 5420; x_wconf 80' lang='grc' dir='ltr'><strong>Θτδ;.ὃτε</strong></span> <span class='ocrx_word' id='word_1_814' title='bbox 533 5304 666 5426; x_wconf 58' lang='lat' dir='ltr'><strong>pedicosus,</strong></span> <span class='ocrx_word' id='word_1_815' title='bbox 679 5357 849 5441; x_wconf 78' lang='grc' dir='ltr'><strong>δημιουργεῖ,</strong></span> <span class='ocrx_word' id='word_1_816' title='bbox 863 5356 934 5427; x_wconf 80' lang='grc' dir='ltr'><strong>λόγῳ</strong></span> <span class='ocrx_word' id='word_1_817' title='bbox 984 5353 1110 5424; x_wconf 74' lang='lat' dir='ltr'><strong>opifices,</strong></span> <span class='ocrx_word' id='word_1_818' title='bbox 1128 5369 1179 5405; x_wconf 79' lang='lat' dir='ltr'><strong>uam</strong></span> <span class='ocrx_word' id='word_1_819' title='bbox 1201 5352 1276 5434; x_wconf 80' lang='lat' dir='ltr'><strong>iiiam</strong></span> <span class='ocrx_word' id='word_1_820' title='bbox 1295 5368 1415 5435; x_wconf 73' lang='lat' dir='ltr'><strong>amotum</strong></span> <span class='ocrx_word' id='word_1_821' title='bbox 1433 5364 1586 5410; x_wconf 78' lang='lat' dir='ltr'><strong>creatorem</strong></span> <span class='ocrx_word' id='word_1_822' title='bbox 1606 5356 1702 5418; x_wconf 79' lang='grc' dir='ltr'><strong>ὓουιιι,</strong></span> <span class='ocrx_word' id='word_1_823' title='bbox 1717 5355 1768 5411; x_wconf 81' lang='lat' dir='ltr'><strong>nisi</strong></span> 
     </span>
     <span class='ocr_line' id='line_1_62' title="bbox 148 5420 1771 5508; baseline -0.001 -27"><span class='ocrx_word' id='word_1_824' title='bbox 148 5428 288 5508; x_wconf 75' lang='grc' dir='ltr'><strong>δμπουσάρ</strong></span> <span class='ocrx_word' id='word_1_825' title='bbox 315 5430 360 5481; x_wconf 79' lang='grc' dir='ltr'><strong>καὶ</strong></span> <span class='ocrx_word' id='word_1_826' title='bbox 384 5428 535 5499; x_wconf 74' lang='grc' dir='ltr'><strong>πνεύματι·</strong></span> <span class='ocrx_word' id='word_1_827' title='bbox 553 5428 600 5481; x_wconf 83' lang='grc' dir='ltr'><strong>καὶ</strong></span> <span class='ocrx_word' id='word_1_828' title='bbox 623 5425 660 5497; x_wconf 75' lang='grc' dir='ltr'><strong>μὴ</strong></span> <span class='ocrx_word' id='word_1_829' title='bbox 676 5425 774 5497; x_wconf 80' lang='grc' dir='ltr'><strong>εἴπης,</strong></span> <span class='ocrx_word' id='word_1_830' title='bbox 789 5425 848 5478; x_wconf 78' lang='lat' dir='ltr'><strong>iim</strong></span> <span class='ocrx_word' id='word_1_831' title='bbox 863 5424 934 5497; x_wconf 78' lang='grc' dir='ltr'><strong>λόγῳ</strong></span> <span class='ocrx_word' id='word_1_832' title='bbox 985 5432 1087 5478; x_wconf 82' lang='lat' dir='ltr'><strong>remota</strong></span> <span class='ocrx_word' id='word_1_833' title='bbox 1109 5436 1201 5478; x_wconf 81' lang='lat' dir='ltr'><strong>causat.</strong></span> <span class='ocrx_word' id='word_1_834' title='bbox 1217 5420 1341 5477; x_wconf 77' lang='lat' dir='ltr'><strong>luitauus</strong></span> <span class='ocrx_word' id='word_1_835' title='bbox 1355 5439 1419 5492; x_wconf 84' lang='lat' dir='ltr'><strong>amp.</strong></span> <span class='ocrx_word' id='word_1_836' title='bbox 1439 5422 1544 5495; x_wconf 72' lang='lat' dir='ltr'><strong>liquato</strong></span> <span class='ocrx_word' id='word_1_837' title='bbox 1563 5425 1650 5479; x_wconf 84' lang='lat' dir='ltr'><strong>sotis:</strong></span> <span class='ocrx_word' id='word_1_838' title='bbox 1671 5424 1771 5493; x_wconf 83' lang='grc' dir='ltr'><strong>Ἡγοῦ-</strong></span> 
     </span>
     <span class='ocr_line' id='line_1_63' title="bbox 149 5490 1770 5614; baseline -0.004 -62"><span class='ocrx_word' id='word_1_839' title='bbox 149 5513 198 5552; x_wconf 90' lang='grc' dir='ltr'><strong>νυν</strong></span> <span class='ocrx_word' id='word_1_840' title='bbox 212 5496 453 5579; x_wconf 85' lang='grc' dir='ltr'><strong>έδημιούργησενά</strong></span> <span class='ocrx_word' id='word_1_841' title='bbox 467 5497 533 5561; x_wconf 85' lang='grc' dir='ltr'><strong>Θτδς</strong></span> <span class='ocrx_word' id='word_1_842' title='bbox 541 5497 585 5552; x_wconf 84' lang='grc' dir='ltr'><strong>ἀεί</strong></span> <span class='ocrx_word' id='word_1_843' title='bbox 599 5496 701 5565; x_wconf 75' lang='grc' dir='ltr'><strong>ἀγαθὸς</strong></span> <span class='ocrx_word' id='word_1_844' title='bbox 714 5495 863 5567; x_wconf 82' lang='grc' dir='ltr'><strong>ὑπάρχωυ;</strong></span> <span class='ocrx_word' id='word_1_845' title='bbox 880 5494 933 5550; x_wconf 86' lang='lat' dir='ltr'><strong>Sed</strong></span> <span class='ocrx_word' id='word_1_846' title='bbox 984 5508 1045 5614; x_wconf 74' lang='grc' dir='ltr'><strong>ραι,</strong></span> <span class='ocrx_word' id='word_1_847' title='bbox 1064 5490 1147 5613; x_wconf 71' lang='grc' dir='ltr'><strong>τάπερ</strong></span> <span class='ocrx_word' id='word_1_848' title='bbox 1158 5492 1212 5564; x_wconf 72' lang='grc' dir='ltr'><strong>χρὴ</strong></span> <span class='ocrx_word' id='word_1_849' title='bbox 1233 5490 1375 5571; x_wconf 75' lang='grc' dir='ltr'><strong>πείθεσθαι</strong></span> <span class='ocrx_word' id='word_1_850' title='bbox 1387 5494 1444 5557; x_wconf 80' lang='grc' dir='ltr'><strong>τοῖς</strong></span> <span class='ocrx_word' id='word_1_851' title='bbox 1456 5496 1565 5562; x_wconf 71' lang='grc' dir='ltr'><strong>σοφοῖς,</strong></span> <span class='ocrx_word' id='word_1_852' title='bbox 1578 5495 1707 5548; x_wconf 71' lang='grc' dir='ltr'><strong>ἁπάντων</strong></span> <span class='ocrx_word' id='word_1_853' title='bbox 1718 5497 1770 5550; x_wconf 81' lang='lat' dir='ltr'><strong>da·</strong></span> 
     </span>
    </p>
   </div>
   <div class='ocr_carea' id='block_1_5' title="bbox 151 5561 1770 5636">
    <p class='ocr_par' dir='ltr' id='par_1_10' title="bbox 151 5561 1770 5636">
     <span class='ocr_line' id='line_1_64' title="bbox 151 5561 1770 5636; baseline -0.003 -14"><span class='ocrx_word' id='word_1_854' title='bbox 151 5567 222 5622; x_wconf 78' lang='lat' dir='ltr'><strong>uano</strong></span> <span class='ocrx_word' id='word_1_855' title='bbox 239 5579 415 5636; x_wconf 75' lang='lat' dir='ltr'><strong>quattuouem</strong></span> <span class='ocrx_word' id='word_1_856' title='bbox 433 5582 512 5623; x_wconf 80' lang='lat' dir='ltr'><strong>aterno</strong></span> <span class='ocrx_word' id='word_1_857' title='bbox 529 5578 571 5621; x_wconf 90' lang='lat' dir='ltr'><strong>est</strong></span> <span class='ocrx_word' id='word_1_858' title='bbox 586 5570 641 5622; x_wconf 87' lang='lat' dir='ltr'><strong>tere</strong></span> <span class='ocrx_word' id='word_1_859' title='bbox 660 5568 693 5621; x_wconf 88' lang='lat' dir='ltr'><strong>do</strong></span> <span class='ocrx_word' id='word_1_860' title='bbox 707 5566 869 5634; x_wconf 83' lang='lat' dir='ltr'><strong>antiquitate</strong></span> <span class='ocrx_word' id='word_1_861' title='bbox 885 5561 934 5618; x_wconf 86' lang='lat' dir='ltr'><strong>Pa·</strong></span> <span class='ocrx_word' id='word_1_862' title='bbox 1002 5578 1101 5632; x_wconf 89' lang='grc' dir='ltr'><strong>ρωπων</strong></span> <span class='ocrx_word' id='word_1_863' title='bbox 1120 5578 1191 5615; x_wconf 87' lang='grc' dir='ltr'><strong>εναι</strong></span> <span class='ocrx_word' id='word_1_864' title='bbox 1211 5578 1306 5616; x_wconf 85' lang='grc' dir='ltr'><strong>τοιτον</strong></span> <span class='ocrx_word' id='word_1_865' title='bbox 1329 5562 1417 5616; x_wconf 83' lang='grc' dir='ltr'><strong>κοινδν</strong></span> <span class='ocrx_word' id='word_1_866' title='bbox 1438 5564 1562 5633; x_wconf 76' lang='grc' dir='ltr'><strong>πατέρα·</strong></span> <span class='ocrx_word' id='word_1_867' title='bbox 1584 5563 1694 5633; x_wconf 78' lang='grc' dir='ltr'><strong>λέγεται</strong></span> <span class='ocrx_word' id='word_1_868' title='bbox 1715 5565 1770 5633; x_wconf 78' lang='grc' dir='ltr'><strong>γάρ</strong></span> 
     </span>
    </p>
   </div>
   <div class='ocr_carea' id='block_1_6' title="bbox 151 5630 1757 5777">
    <p class='ocr_par' dir='ltr' id='par_1_11' title="bbox 151 5630 1757 5777">
     <span class='ocr_line' id='line_1_65' title="bbox 151 5630 1757 5706; baseline -0.002 -15"><span class='ocrx_word' id='word_1_869' title='bbox 151 5645 224 5691; x_wconf 87' lang='lat' dir='ltr'><strong>trum</strong></span> <span class='ocrx_word' id='word_1_870' title='bbox 238 5636 285 5705; x_wconf 92' lang='lat' dir='ltr'><strong>qui</strong></span> <span class='ocrx_word' id='word_1_871' title='bbox 300 5651 353 5692; x_wconf 84' lang='lat' dir='ltr'><strong>aron</strong></span> <span class='ocrx_word' id='word_1_872' title='bbox 367 5638 535 5706; x_wconf 82' lang='lat' dir='ltr'><strong>tiiaceptarit.</strong></span> <span class='ocrx_word' id='word_1_873' title='bbox 550 5635 619 5693; x_wconf 83' lang='lat' dir='ltr'><strong>Tss.</strong></span> <span class='ocrx_word' id='word_1_874' title='bbox 635 5635 676 5693; x_wconf 82' lang='lat' dir='ltr'><strong>td</strong></span> <span class='ocrx_word' id='word_1_875' title='bbox 691 5650 766 5691; x_wconf 87' lang='lat' dir='ltr'><strong>oram</strong></span> <span class='ocrx_word' id='word_1_876' title='bbox 790 5635 856 5703; x_wconf 83' lang='lat' dir='ltr'><strong>reqii</strong></span> <span class='ocrx_word' id='word_1_877' title='bbox 871 5633 932 5688; x_wconf 83' lang='lat' dir='ltr'><strong>ttmt</strong></span> <span class='ocrx_word' id='word_1_878' title='bbox 984 5630 1082 5704; x_wconf 75' lang='grc' dir='ltr'><strong>ὀρθῶς·</strong></span> <span class='ocrx_word' id='word_1_879' title='bbox 1092 5630 1235 5704; x_wconf 71' lang='grc' dir='ltr'><strong>ἅνθρωπος</strong></span> <span class='ocrx_word' id='word_1_880' title='bbox 1245 5630 1489 5705; x_wconf 75' lang='grc' dir='ltr'><strong>άνθρωπονγεννᾷ,</strong></span> <span class='ocrx_word' id='word_1_881' title='bbox 1502 5631 1708 5706; x_wconf 66' lang='lat' dir='ltr'><strong>autquinque.</strong></span> <span class='ocrx_word' id='word_1_882' title='bbox 1719 5634 1757 5688; x_wconf 83' lang='lat' dir='ltr'><strong>tn</strong></span> 
     </span>
     <span class='ocr_line' id='line_1_66' title="bbox 151 5700 1471 5777; baseline -0.003 -17"><span class='ocrx_word' id='word_1_883' title='bbox 151 5705 340 5762; x_wconf 84' lang='lat' dir='ltr'><strong>asoriuuuatur</strong></span> <span class='ocrx_word' id='word_1_884' title='bbox 353 5707 404 5764; x_wconf 79' lang='lat' dir='ltr'><strong>troo</strong></span> <span class='ocrx_word' id='word_1_885' title='bbox 421 5704 563 5773; x_wconf 84' lang='lat' dir='ltr'><strong>scholium,</strong></span> <span class='ocrx_word' id='word_1_886' title='bbox 583 5705 659 5777; x_wconf 85' lang='lat' dir='ltr'><strong>eujus</strong></span> <span class='ocrx_word' id='word_1_887' title='bbox 679 5704 865 5776; x_wconf 83' lang='lat' dir='ltr'><strong>interpretatio</strong></span> <span class='ocrx_word' id='word_1_888' title='bbox 876 5703 931 5775; x_wconf 76' lang='lat' dir='ltr'><strong>jam</strong></span> <span class='ocrx_word' id='word_1_889' title='bbox 1019 5700 1056 5774; x_wconf 76' lang='grc'><strong>(9)</strong></span> <span class='ocrx_word' id='word_1_890' title='bbox 1072 5700 1102 5758; x_wconf 83' lang='lat' dir='ltr'><strong>C.</strong></span> <span class='ocrx_word' id='word_1_891' title='bbox 1118 5700 1149 5757; x_wconf 82' lang='lat' dir='ltr'><strong>i&#39;.</strong></span> <span class='ocrx_word' id='word_1_892' title='bbox 1162 5700 1223 5756; x_wconf 80' lang='grc' dir='ltr'><strong>καθ’</strong></span> <span class='ocrx_word' id='word_1_893' title='bbox 1235 5700 1350 5757; x_wconf 73' lang='grc' dir='ltr'><strong>ἕκαστον</strong></span> <span class='ocrx_word' id='word_1_894' title='bbox 1368 5702 1471 5775; x_wconf 78' lang='grc' dir='ltr'><strong>πατηρ.</strong></span> 
     </span>
    </p>
   </div>
   <div class='ocr_carea' id='block_1_7' title="bbox 0 0 1914 6075">
    <p class='ocr_par' dir='ltr' id='par_1_12' title="bbox 0 0 1914 6075">
     <span class='ocr_line' id='line_1_67' title="bbox 0 0 1914 6075; baseline 0 1"><span class='ocrx_word' id='word_1_895' title='bbox 0 0 1914 6075; x_wconf 95' lang='lat' dir='ltr'><strong> </strong></span> 
     </span>
    </p>
   </div>
  </div>
 </body>
</html>
