3817 6075
376 274 538 336 ssottttts
558 275 600 335 IN
614 276 644 335 S.
665 275 841 337 Jotitetsstt
856 278 1079 354 sumsisse,
1095 280 1175 341 ETC.
1351 257 1356 268 ¹
1523 281 1591 346 liii

126 386 268 456 ἀπάγομαι
284 387 316 456 τῇ
331 386 405 455 φωνῇ
420 401 427 415 ·
443 383 511 454 μθνη
527 384 591 454 γάρ,
611 384 648 447 ὡς
672 401 750 452 φατι,
768 393 789 448 ,t
804 385 890 452 ernru
904 400 972 440 nora
992 386 1050 441 lucc
1061 387 1209 443 salutatio!
1231 385 1290 441 Non
1307 386 1384 444 adest
1400 387 1517 460 loscplt;
1531 407 1593 448 rer·

126 477 301 548 ίάργίκακος
314 477 347 545 τῇ
365 474 581 544 contentioso.
804 479 846 534 bis
862 493 904 533 ute
919 478 1015 535 :thriuei
1029 480 1100 535 baud
1119 482 1269 536 cornmitto.
1287 480 1406 537 Primam
1423 498 1437 536 a
1455 481 1510 538 beo
1524 499 1592 539 con·

804 568 888 625 ditant
902 570 1056 635 muilierern,
1073 580 1102 625 ut
1116 583 1238 638 narrant,
1261 588 1323 628 eum
1349 571 1406 628 sola
1421 583 1503 640 esset,
1525 575 1592 638 ollo-

805 672 884 718 cutus
900 672 941 718 cet
958 664 1062 733 peintus
1074 663 1207 719 mulorum
1220 674 1328 722 auctor.
1421 735 1425 745 Ι

126 753 211 823 γγελος
225 754 293 827 reple
310 753 412 823 αὐτην·
428 752 476 822 Μὴ
494 751 599 821 φοόοῦ,
615 749 749 819 Μαριὰμ·
839 756 959 828 Angelos
972 770 1038 812 vero
1053 754 1086 810 ad
1111 771 1171 811 cnm
1186 773 1193 810 :
1209 754 1250 811 Ne
1269 757 1372 824 timeor,
1389 756 1501 825 llorio;
1520 759 1593 814 inre·

126 842 247 913 ιείηοες,
260 847 294 917 ἢν
318 843 495 915 ἀπώλεοενὴ
523 843 749 915 πρωτότλαστνς·
805 850 868 904 xristi
889 848 1078 921 protiomvil)
1093 863 1173 918 qrtotu
1196 850 1314 919 perdidit
1336 865 1397 921 quae
1411 852 1499 920 priuto
1524 867 1592 908 con·

126 954 144 1008 η
167 937 217 1008 τὴν
238 938 345 1006 ἀπάτην
371 936 491 1001 ἐδέξατο,
507 937 540 989 σὺ
555 935 584 988 δὲ
612 935 680 1005 μόνη
699 934 751 1004 τῆς
805 942 860 997 dito
875 950 927 998 cst.
945 940 1015 1011 lpse,
1036 956 1097 995 curn
1115 941 1171 998 sola
1192 950 1277 1010 esset,
1293 942 1482 1014 deceptionem
1503 944 1591 998 eduxi·

126 1028 228 1082 tltlw
242 1028 386 1099 ἐκόμισας·
408 1027 505 1093 Τέξείς
522 1026 599 1092 otor,
616 1024 664 1080 “al
680 1023 749 1078 τοῦ·
805 1033 857 1100 sit;
874 1032 1070 1095 teveredum
1089 1031 1146 1087 sola
1168 1048 1272 1098 ornnes,
1289 1034 1457 1105 deceptionis
1478 1036 1592 1092 solutio·

127 1138 171 1185 εις
184 1120 208 1152 ²⁹
231 1119 363 1188 Ἰησοῦν.
805 1140 866 1178 ruent
890 1123 1031 1179 obtinuisti
1053 1122 1171 1180 :Punice
1198 1124 1307 1194 filium,
1336 1136 1360 1181 et
1389 1127 1458 1184 lutto
1487 1126 1593 1181 nocebis

807 1216 929 1269 lesum&

126 1302 186 1357 ἀκον
205 1303 346 1356 ἀκούσασα
361 1304 408 1357 καί
425 1304 482 1358 otoo
494 1303 529 1370 ¹⁰,
545 1303 622 1369 Πῶς,
647 1304 750 1373 ἔλεγεν,
840 1305 900 1375 lpse
920 1317 1009 1362 autern
1024 1320 1086 1361 enni
1106 1316 1214 1377 parturn
1234 1308 1341 1363 audiret
1357 1315 1385 1363 et
1409 1306 1505 1375 utrum,
1520 1306 1593 1375 Quo·

135 1392 233 1458 τοῦτο,
258 1394 323 1448 derel
347 1393 442 1463 ἀνδρα
460 1396 497 1449 οὐ
520 1394 679 1465 perdono:
694 1396 752 1449 Οὐκ
805 1397 893 1459 modo,
911 1397 1036 1468 tuquttr,
1051 1399 1101 1452 erit
1125 1399 1174 1452 ltoc
1192 1398 1267 1463 milti,
1290 1398 1416 1469 quonium
1433 1404 1518 1453 otram
1541 1415 1594 1453 non

126 1502 156 1550 α,
178 1484 246 1539 ἀλλά
266 1485 338 1540 κατὰ
357 1485 454 1541 πεῦσιν
471 1487 665 1559 μανθάνουσα·
685 1485 752 1553 Πῶς
805 1489 953 1562 εοροοεοοί
967 1489 1026 1545 Non
1041 1501 1072 1544 ut
1087 1490 1297 1556 contradiceret,
1316 1488 1365 1545 sed
1381 1498 1410 1544 ut
1426 1489 1593 1545 sciscitando

126 1576 230 1638 rodco:
253 1576 334 1644 Ἐγὼ,
352 1579 429 1649 φησι,
450 1576 579 1650 μθνητην
593 1578 676 1649 φύσιν
692 1597 753 1634 και·
806 1583 966 1638 edoceretur
992 1581 1155 1653 (respondit)
1176 1580 1339 1649 :Quomodo
1364 1583 1414 1637 erit
1437 1582 1485 1636 ίιοε
1510 1583 1594 1638 πιίάίί

126 1668 167 1721 irr'
185 1670 249 1741 ἐμοὶ
276 1669 440 1742 λυθήσονται
458 1670 509 1742 τῆς
527 1673 701 1742 τεκνογονίας
723 1674 753 1728 al
806 1656 909 1743 ligone,
926 1673 1025 1745 inquit,
1049 1674 1105 1730 solo
1124 1682 1228 1728 naturxe
1249 1672 1322 1744 leges
1343 1672 1461 1729 innovo?
1477 1673 1546 1729 Nutu
1566 1674 1594 1729 itt

127 1762 197 1830 Λέγε
215 1781 272 1833 μοι,
290 1763 360 1829 ξένε,
385 1762 432 1816 τάν
457 1764 577 1834 τρόπον·
601 1764 676 1830 ξένον
698 1765 753 1834 γάρ
768 1751 789 1807 B
805 1777 848 1822 nte
870 1766 1019 1821 liberorum
1038 1765 1239 1834 procreationis
1264 1772 1425 1820 evertentur
1450 1765 1595 1820 rationes?

125 1854 246 1923 γγέλιον.
804 1856 915 1925 Expone
928 1856 1004 1922 inihi,
1019 1855 1174 1927 peregrine,
1192 1855 1299 1910 modurn
1314 1873 1321 1910 ε
1337 1856 1509 1929 peregrinum
1521 1858 1593 1912 euim

805 1954 856 2012 est,
871 1945 945 2016 qxxod
960 1943 1052 2009 adens,
1068 1945 1204 2000 nuntium.

126 2036 201 2106 εὕροι
224 2036 321 2106 ἅγιον,
346 2036 446 2109 ἔφησεν
467 2038 482 2091 ἀ
501 2036 622 2108 Γαθριίηλ
635 2039 669 2101 ⁸¹,
700 2038 738 2094 ἀπ
839 2034 885 2089 xt.
906 2033 1024 2104 Spiritus
1050 2044 1170 2101 conetur,
1186 2036 1224 2088 oit
1237 2032 1370 2101 G:dxriel,
1389 2036 1553 2105 superveniet
1568 2037 1595 2090 iu

131 2129 180 2182 dni
192 2127 241 2194 od,
256 2129 305 2183 καί
314 2128 440 2198 δύναμις
451 2111 600 2199 Ὑψίστου
612 2129 751 2184 incoerci-
805 2138 839 2195 te,
852 2136 876 2182 et
892 2128 975 2182 uirtus
985 2125 1116 2180 ditissimi
1128 2124 1293 2180 odemirodit
1305 2127 1352 2179 tidi
1363 2135 1387 2181 ¹.
1397 2124 1482 2193 Tene,
1494 2129 1593 2198 inquit,

126 2221 205 2291 ερον.
219 2221 297 2291 φησὶ,
319 2221 451 2292 Παρθένε,
473 2222 504 2275 τὸ
523 2220 631 2292 λεχθὲν,
652 2222 700 2276 καί
716 2221 755 2292 μη
804 2233 820 2274 o
837 2217 930 2288 Virgo,
942 2219 1015 2287 quod
1031 2217 1133 2272 dictum
1157 2224 1218 2283 eet;
1234 2226 1261 2273 et
1275 2231 1310 2272 ne
1324 2217 1364 2275 sis
1382 2218 1498 2275 sollicita
1513 2220 1547 2273 de
1562 2234 1595 2272 eo

126 2314 189 2368 ιάνει
209 2312 240 2366 cb
255 2313 383 2385 σιγηθέν·
406 2313 445 2385 τῷ
460 2314 533 2386 τόκῳ
555 2315 697 2386 μαρτυρῶ,
714 2312 754 2383 τῷ
804 2312 875 2381 quod
890 2310 1002 2366 silentio
1012 2308 1147 2365 occuitum
1161 2318 1264 2365 manet.
1281 2309 1392 2365 certum
1412 2311 1446 2365 de
1459 2318 1538 2381 partu
1550 2318 1593 2367 te·

126 2404 235 2476 ουχωρῶ
251 2405 286 2460 ⁸¹.
301 2405 435 2473 Ἀγγελος
449 2405 515 2477 γὰρ,
538 2406 570 2460 od
594 2404 755 2469 διδάσκαλός
804 2397 963 2458 stiniouioni
989 2401 1064 2469 ίοιος
1097 2402 1207 2456 rnodorn
1230 2403 1348 2471 docere,
1377 2401 1428 2459 troc
1451 2401 1594 2461 taeoltates

126 2498 251 2568 κονυμίας
266 2497 399 2569 ἐλήλυθα·
420 2498 511 2570 κῆρυξ
530 2498 687 2567 ἀπεστάλην
706 2499 755 2568 τῆς
804 2508 879 2549 meas
896 2493 1014 2549 excedit.
1034 2490 1152 2547 Nuntius
1172 2493 1245 2548 enim
1267 2493 1391 2565 mysticae
1409 2493 1593 2564 dispensatio·

126 2607 136 2654 ς
153 2590 312 2662 ἐπιδημίας,
328 2592 378 2662 οὐχ
393 2592 543 2664 ἑρμηνεύς.
805 2586 847 2639 nis
866 2584 899 2638 ad
922 2593 949 2639 tc
963 2583 1036 2650 reni,
1057 2597 1112 2639 non
1131 2582 1253 2650 ejusdem
1268 2583 1423 2655 interpres:
1437 2586 1537 2643 missos
1552 2587 1591 2643 ίυί

806 2674 1018 2730 υιῦουιὶυίουιυ
1033 2673 1242 2731 manifestarent
1253 2676 1416 2745 jadreuuuu,
1436 2692 1491 2733 non
1509 2687 1539 2733 ut
1554 2693 1594 2733 ra·

806 2767 906 2821 tionem
922 2766 1099 2835 explicarem.

126 2872 161 2910 ἀι
173 2856 303 2924 τοῦτο“;
319 2856 350 2911 τὸ
359 2857 418 2922 πῶς
430 2852 501 2911 οἶδεν
513 2856 594 2920 αὐτὸς
607 2858 622 2910 ἀ
637 2854 751 2928 παρών·
841 2857 979 2923 Quomodo
998 2858 1112 2930 (irtqrris)
1127 2857 1175 2914 ltoc
1191 2859 1263 2914 erit?
1285 2860 1431 2927 ηιιοιιιοιίο,
1446 2863 1520 2916 norit
1534 2864 1594 2933 ipse

126 2965 146 3019 :p
160 2948 302 3021 πάρεστιν,
317 2949 487 3017 ἐπίσταμαι·
506 2947 634 3019 προπηδᾷ
654 2948 709 3018 γάρ
725 2949 755 3001 ὲν
805 2948 962 3020 quindes13
983 2949 1082 3005 edesse
1097 2950 1170 3005 cuitu
1188 2963 1251 3005 eum
1272 2950 1346 3016 seio;
1359 2964 1422 3004 nant
1440 2960 1545 3006 certum
1566 2953 1593 3008 in

126 3039 183 3093 οθεν
195 3042 362 3114 τεκμήριον·
380 3041 426 3095 πον
439 3040 467 3094 δὲ
491 3039 591 3111 τρίπον
606 3039 706 3109 λέγειν,
723 3041 754 3093 oi
807 3053 833 3097 tc
856 3043 962 3112 signum
978 3041 1014 3097 eb
1033 3042 1185 3100 intrinseco
1200 3057 1230 3100 se
1251 3043 1344 3113 prodit
1359 3060 1366 3098 :
1380 3052 1408 3098 ot
1424 3046 1533 3100 modurn
1548 3045 1593 3103 di·

126 3133 171 3183 θτι
184 3129 213 3183 δὲ
226 3131 256 3184 οὐ
266 3130 429 3201 ψευδολόγος
444 3129 511 3197 εγὼ,
528 3129 670 3184 Ἐλιοάἀεπ
685 3115 789 3201 pop-C
806 3148 869 3205 cere
883 3134 909 3188 in
923 3147 983 3189 mea
998 3149 1050 3191 non
1062 3143 1262 3207 estpotestate.
1278 3135 1355 3203 Quod
1369 3150 1434 3190 xero
1452 3135 1519 3192 falsa
1539 3151 1594 3194 non

126 3239 160 3287 οι,
184 3223 375 3294 ἐνστειρώοει
397 3223 446 3278 καὶ
464 3223 539 3294 γήρᾳ
552 3221 599 3277 τοῦ
625 3225 654 3276 ἐν
671 3222 713 3275 ool
729 3220 752 3254 ⁸⁸
807 3229 921 3299 loquor,
945 3229 1130 3284 testimonium
1153 3228 1220 3285 milti
1243 3228 1312 3285 leret
1330 3228 1490 3296 Elisabeth,
1514 3246 1593 3301 duze,

126 3330 137 3366 ι
153 3313 199 3367 riv
215 3314 384 3386 Πρόδρομου.
403 3317 432 3368 Εἰ
445 3315 475 3369 δὲ
491 3316 522 3368 εν
546 3311 689 3384 στειρὼοει
704 3312 753 3366 καὶ
806 3320 906 3376 sterilia
921 3320 985 3376 licet
999 3329 1027 3376 et
1037 3335 1134 3389 senex,
1151 3321 1234 3389 illios,
1252 3321 1298 3394 qui
1312 3322 1340 3376 in
1356 3330 1383 3377 te
1401 3331 1454 3390 est,
1469 3322 1594 3379 Precor-

126 3406 213 3479 ίρονΜ
221 3409 332 3480 εἴρηκα,
341 3410 372 3462 οὐ
381 3408 481 3480 μικρὸν
491 3407 523 3461 rb
536 3407 675 3477 ἐνέχυρον.
682 3405 753 3460 Στεί·
805 3423 894 3463 sorern
909 3416 1009 3479 gestu.
1024 3407 1102 3475 Quod
1117 3410 1139 3466 si
1153 3410 1297 3467 habentem
1315 3410 1343 3466 in
1355 3420 1432 3467 utero
1444 3414 1594 3469 memorati

126 3499 274 3564 ιεοόύτιδος
291 3501 339 3554 καὶ
350 3498 486 3570 παρθένον
509 3502 539 3564 ἐς
554 3500 689 3554 ccccxciv
704 3501 752 3571 μέ·
805 3500 925 3556 sterilem
942 3511 971 3557 et
992 3510 1193 3565 senescentem,
1212 3500 1269 3571 jam
1284 3500 1356 3556 haud
1375 3500 1443 3556 ieris
1462 3503 1593 3557 momenti

805 3595 904 3665 pignus
924 3594 1018 3650 habes.
1042 3593 1120 3662 Quod
1142 3593 1216 3648 eninr
1242 3593 1277 3648 ad
1299 3592 1462 3664 gignendum
1483 3594 1591 3661 attinet,

805 3683 872 3738 nituit
893 3696 909 3737 a
923 3682 1011 3739 sterili
1024 3697 1077 3738 ann
1091 3698 1124 3738 ea
1139 3682 1248 3737 deutoro
1262 3682 1354 3747 distat,
1368 3696 1429 3753 quae
1442 3683 1519 3754 virgo
1531 3699 1594 3741 esse

806 3784 972 3845 perseveret.
1459 3770 1461 3775 ’

126 3874 184 3946 rei
199 3867 338 3945 Παρθένος
352 3871 504 3937 ἀκούσασα,
522 3871 658 3943 Ζαχαρίου
684 3888 751 3925 κατ·
842 3865 897 3922 ίίίί.
918 3865 981 3922 llaec
995 3882 1056 3921 eunt
1072 3864 1156 3935 Virgo
1177 3865 1321 3933 audiisset,
1336 3868 1371 3924 ed
1394 3867 1534 3925 zacharie
1547 3870 1594 3926 do

126 3965 300 4034 ιμάτιον,καί
311 3963 511 4036 τηνῈλιοάὀετ
522 3963 641 4035 εὑροῦσα
652 3963 752 4033 κυοφο-
806 3957 959 4014 munculaut
978 3972 1007 4013 se
1021 3957 1147 4020 contulit,
1162 3971 1282 4028 cumque
1301 3957 1437 4015 Elisabeth
1449 3974 1592 4030 praeguau·

126 4055 196 4120 ζετο.
218 4057 312 4129 Μαρία
338 4056 388 4128 τὴν
406 4055 549 4110 ‘dioceses
574 4053 714 4125 ἠσπάζετο
727 4053 751 4087 ⁸⁸
805 4060 857 4106 tem
880 4049 1037 4120 reperisset,
1055 4063 1115 4104 cont
1136 4047 1277 4105 salutarit.
1290 4048 1375 4106 bieria
1396 4049 1592 4106 solutaritlili-

127 4166 175 4218 ρος
193 4148 297 4203 ἔνδοθεν
312 4149 498 4220 ἀπεκρίνατο·
514 4146 552 4218 τῷ
567 4147 621 4219 γὰρ
636 4147 750 4219 ὲμοράῳ
803 4132 957 4207 sciothero,
982 4150 1011 4196 et
1033 4141 1124 4197 intans
1148 4140 1314 4198 intrinsecus
1333 4141 1486 4210 respondit.
1510 4143 1592 4198 Auris

126 4246 161 4316 ,οη
174 4248 191 4316 η
205 4247 254 4317 τῆς
268 4248 371 4319 weg
390 4247 479 4317 ὰχρη·
498 4247 546 4300 χαι
562 4248 712 4319 ἐπειδήπερ
727 4247 750 4280 ιτ
804 4235 880 4290 toetui
893 4233 1001 4290 exstitit
1016 4233 1112 4290 notris
1126 4234 1217 4314 arrrie;
1233 4244 1260 4291 et
1284 4234 1412 4304 quoniam
1437 4243 1542 4289 naturae
1560 4235 1592 4290 tt-

126 4356 170 4402 οις
188 4339 315 4411 Ἰωάννης
336 4339 480 4411 εἱργμένος
502 4338 554 4394 οὐκ
575 4338 650 4410 ίοχυε
665 4337 689 4372 ³⁸
702 4340 750 4392 ια.
804 4330 885 4384 nibus
904 4329 1070 4385 constrictus
1083 4325 1201 4384 loannes
1215 4330 1306 4400 lingua
1326 4330 1367 4383 uti
1389 4342 1442 4384 nou
1466 4337 1587 4398 poterat,

126 4446 191 4495 νευος
206 4429 283 4500 ἔλεγε
299 4433 332 4502 τῇ
344 4430 434 4502 οἰκείᾳ
448 4429 533 4501 μητρὶ
544 4429 588 4483 θιά
600 4431 653 4484 τῶν
671 4448 748 4502 οκιρ·
804 4421 911 4479 loeutus
921 4433 975 4490 eet,
993 4431 1108 4479 rnatrent
1121 4421 1230 4494 quidem
1244 4421 1382 4492 propriant
1400 4436 1448 4492 per
1469 4421 1592 4476 saltatio·

126 4520 304 4592 θεγγθμενυς,
317 4524 351 4592 ep
362 4521 390 4574 δὲ
405 4521 452 4574 τοῦ
465 4520 593 4592 Σωτῆρος
610 4521 695 4593 μητρί
706 4521 752 4575 δια
802 4529 851 4571 nes
870 4513 979 4580 aditus,
1004 4514 1155 4592 patratoris
1181 4528 1246 4569 uero
1267 4513 1348 4570 matri
1370 4528 1419 4584 per
1440 4522 1589 4571 maternam

126 4613 169 4682 ιης
184 4611 312 4682 γλώσσης
326 4611 571 4681 ἀποκρινόμενος,
799 4607 920 4677 linguam
935 4607 1112 4679 respondens.

126 4719 205 4756 ’καοα
219 4683 248 4756 ἀὲ
262 4705 280 4774 ὴ
296 4702 484 4759 siccescere
499 4701 547 4756 τοῦ
561 4701 657 4756 τέκνου
675 4719 750 4774 οκιρ·
837 4698 906 4757 Curru
927 4710 1017 4756 autent
1040 4698 1176 4754 Elisabeth
1198 4696 1244 4752 utu
1264 4697 1426 4754 retentiones
1445 4699 1501 4770 jau
1517 4698 1590 4754 terre

126 4793 271 4865 ίνεύματος
291 4796 371 4865 ἀγίου
397 4794 549 4865 πληοθείοα
576 4791 748 4864 ἀνεφώνησε,
805 4807 857 4847 nou
874 4799 977 4860 posset,
1000 4787 1103 4855 repleta
1118 4787 1222 4857 Spiritu
1246 4798 1343 4845 sancto
1360 4790 1534 4854 exclamarit,
1550 4789 1591 4845 di·

143 4883 501 4958 Παρθένῳ·Εθίογημένη
517 4883 558 4938 od
570 4884 606 4938 dr
617 4884 750 4953 γυναιξί,
805 4896 868 4935 rens
885 4898 891 4933 :
908 4874 1051 4932 Benedicta
1073 4888 1102 4933 txx
1127 4881 1156 4933 in
1184 4879 1360 4946 mulieribus,
1386 4891 1412 4937 et
1437 4880 1589 4936 benedictus

126 4978 227 5049 γμίνος
244 4978 385 5048 ὀκαρπὸς
404 4974 459 5044 τῆς
476 4976 593 5042 κοιλίας
615 4992 685 5034 σου.
702 4976 750 5039 Σὺ,
805 4973 908 5043 {ructus
934 4969 1032 5025 ceutria
1055 4971 1128 5026 toi·.
1153 4971 1205 5038 To,
1231 4971 1328 5042 iuquit,
1355 4972 1509 5040 benedicta,
1530 4987 1591 5044 quse

136 5071 182 5128 ὅθ.
219 5072 373 5132 ¹ibidbt.
412 5070 563 5126 tibiddt.
604 5071 696 5126 ¹‘ibid
732 5068 779 5125 55.
815 5063 972 5120 'ilidii

382 5164 384 5169 ’
598 5164 716 5220 vnutAE
733 5160 934 5219 Lecttun‘es

126 5270 144 5316 t.
161 5259 399 5324 καλέσειςτοῦτον.
437 5264 460 5296 ¹⁰
473 5260 573 5325 Verbo,
595 5263 627 5316 'll
643 5261 672 5316 di
690 5260 770 5312 τίκον
789 5257 931 5312 ἀκούσασα
949 5256 996 5309 καί
1009 5253 1076 5316 uide,
1092 5269 1106 5309 a
1121 5253 1153 5310 C.
1167 5253 1247 5309 Barb.
1269 5257 1379 5312 obsunt.
1417 5255 1438 5288 ⁸¹
1454 5256 1588 5311 Absuuta

126 5331 202 5394 erbe,
214 5331 335 5402 Ἔφηοεν
347 5333 503 5406 ἀΓαάριήλ.
523 5332 547 5364 ⁸¹
559 5332 624 5387 Cod.
638 5329 717 5384 Buris.
731 5330 824 5400 τρόπον
834 5325 1002 5398 παραχιυρῷ.
1022 5325 1137 5378 ”duest
1150 5343 1164 5377 ο
1175 5323 1207 5379 C.
1220 5322 1280 5381 lat.
1298 5327 1426 5391 incisum,
1439 5324 1590 5408 art'oedoxox

140 5401 224 5456 lttees
240 5403 287 5456 τοῦ
300 5405 329 5456 ἐν
346 5403 521 5458 ooleeodice
533 5403 605 5457 Surii
622 5400 742 5457 abluisse
755 5401 889 5453 uidentur.
928 5393 1315 5466 ”etesiacstrtuxoepe
1349 5413 1375 5450 ν.
1413 5395 1588 5465 ⁸⁸reneope.

126 5471 267 5529 Ἐλιοάθατ
279 5471 425 5538 θοπάζετο,
439 5474 516 5530 abest
527 5488 542 5528 a
553 5471 584 5529 C.
599 5470 659 5528 tu.
673 5479 722 5528 eta
734 5471 859 5524 versione
872 5467 956 5524 Sunii.
983 5456 1044 5519 ⁶⁷0.
1055 5463 1135 5520 berb.
1146 5465 1300 5537 ίπηθηπερ.
1351 5467 1382 5524 c.
1391 5466 1472 5523 Baxb.
1483 5463 1587 5537 ingone.

717 5556 833 5613 NOTAE.

127 5658 181 5714 inm
197 5658 300 5716 scilicet
313 5655 492 5728 originalem
