3817 6075
131 286 200 352 llus
616 276 814 341 utentium
834 272 1048 335 ululantes
1067 268 1235 330 uniscunt
1685 262 1751 329 119)

131 406 233 458 tionetu
259 400 447 472 participantia
473 396 572 451 titulati
588 395 659 449 Deus
679 407 782 448 summe
799 391 909 460 liunus),
925 397 945 447 Α
960 388 1033 457 ἡμᾶς
1047 386 1082 438 τό
1094 385 1191 453 λογικά
1202 384 1349 452 πλάσματα
1368 384 1383 435 ό
1402 383 1515 452 Ἀγαθός
1534 382 1618 454 (68)),
1632 381 1687 436 ἔδει
1701 390 1752 439 33.

131 492 275 564 oportebat
290 506 397 544 rursum
413 504 472 556 ηιιτε
488 487 565 541 nobis
576 481 832 539 circumfunduntur
849 480 911 533 talia
965 477 1007 529 λιν
1018 475 1053 529 τά
1067 476 1214 544 περλὴμάς
1223 472 1327 525 τοιαῦτ’
1338 468 1407 527 εἶναι
1415 468 1514 543 οἷάπερ
1525 475 1573 527 καί
1587 473 1753 545 τάημέτερτ

130 599 202 647 essu.
220 583 312 651 ηιιοῐίε
328 590 354 634 et
369 590 462 633 nostra
478 592 604 648 corpora,
620 574 712 645 gloriae
728 582 756 628 et
771 574 911 627 immorta·
966 566 1091 637 σῶμαεα.
1109 564 1187 635 δόξης
1198 581 1227 616 τε
1244 564 1293 617 καὶ
1307 564 1455 626 ἀθανασίας
1466 564 1587 635 ἔμπλεα,
1602 564 1651 617 καί
1664 565 1754 635 πάσης

132 674 216 731 litatis
234 672 323 741 priona,
343 678 370 725 el
389 670 477 725 soluta
502 668 575 722 omni
598 664 748 721 mutatione
768 662 911 717 etaltera·
967 656 1118 728 μεταόολῆς
1150 655 1196 708 καί
1231 653 1401 717 ἀλλοιώσεως
1434 653 1585 725 έλεύθερα’
1621 654 1698 717 ὅπως
1724 656 1756 706 ’τό

108 766 111 771 ’
132 766 215 829 tione,
230 773 261 817 ut
275 763 362 815 simile
377 760 458 815 simili
474 761 634 830 propinquet
648 767 676 811 et
699 754 844 808 utilitercat.
860 752 912 805 ista
965 749 1057 818 όμοιον
1074 745 1114 816 τῷ
1135 746 1220 815 δμοίιμ
1235 743 1340 814 πελάζῃ
1363 760 1392 797 τε
1413 744 1458 796 καί
1482 742 1614 816 θιγγάνη.
1641 737 1725 804 Οὐτο,Ι
1743 746 1757 795 ό

131 864 172 908 est
185 853 265 915 ratio,
286 851 363 905 beate
378 851 440 914 εἰν,
457 866 507 904 cur
521 864 574 903 non
597 847 630 900 air
645 845 749 913 origine
773 842 831 896 lraec
853 841 914 893 tmi-
965 838 1054 905 λόγος,
1070 831 1093 889 ῶ
1106 836 1240 907 μακάριε,
1255 832 1302 886 τοῦ
1314 831 1353 903 μί)
1366 831 1482 884 ἀνέκτθε
1497 832 1555 884 τόδε
1572 831 1606 883 εδ
1620 832 1677 883 τάν
1691 832 1757 884 ἀθά·

131 944 248 997 rersiras
263 940 457 995 immortaliset
469 940 623 1005 incorrupta
640 952 653 987 a
667 932 722 987 lieo
731 931 857 1001 producta
866 930 911 982 sit.
966 944 1046 981 νατον
1059 926 1106 978 καί
1120 921 1271 993 ἀνώλεθρον
1283 922 1351 991 πρός
1364 920 1411 973 τοῦ
1425 920 1492 973 Θεοῦ
1508 920 1670 988 γεγονέναι.

166 1033 197 1088 Β.
210 1031 297 1086 Dubio
314 1033 424 1085 tlttlrium
439 1030 502 1083 milti
523 1026 640 1092 solvisti,
660 1024 748 1078 amice
772 1022 824 1078 rit.
848 1020 914 1096 liugn
1001 1015 1032 1069 Β.
1054 1014 1168 1084 ’ἀπορίᾳ
1179 1029 1224 1081 μοι
1236 1012 1284 1082 τὴν
1294 1009 1412 1080 ἀπορίαν
1422 1009 1597 1073 διαλέλυκας,
1614 1002 1638 1062 ὦ
1654 1010 1758 1070 ἑταῖρε.

132 1127 154 1181 si
168 1126 249 1179 etiam
263 1126 386 1177 immines
406 1123 526 1175 tacturus
540 1127 600 1174 erat
614 1114 791 1178 iurrnortales‚
808 1127 855 1167 cur
870 1112 916 1165 be-
967 1107 999 1161 ut
1027 1107 1081 1176 γάρ
1102 1104 1134 1173 δὴ
1158 1104 1205 1156 καί
1229 1104 1292 1164 τούς
1317 1100 1477 1170 ἀνθρώπους
1492 1097 1648 1164 ἀθανάτους
1672 1104 1760 1153 ποιεῖν

132 1215 303 1270 uellet-utiam
320 1228 396 1267 suam
417 1210 526 1265 tlilierti
546 1225 594 1263 cur
608 1222 661 1261 uon
677 1205 757 1261 simul
775 1220 837 1259 cum
853 1212 914 1256 ortu
966 1196 1078 1266 έμελλε,
1099 1194 1126 1248 τί
1148 1193 1197 1265 τὴν
1213 1192 1375 1263 εὐεργεσίαν
1390 1191 1592 1257 ἀναθάλλεταις
1617 1188 1651 1244 Τί
1667 1190 1698 1243 δὲ
1722 1191 1759 1260 μὴ

133 1305 296 1360 ίιιιιιιοσίυίίυ
312 1302 404 1357 omnia
418 1301 529 1354 cliecitl
966 1290 1024 1359 ἀμα
1035 1291 1068 1358 τῇ
1081 1287 1199 1354 γενέσει,
1216 1284 1338 1338 ἀθάνατα
1353 1285 1441 1336 πάντα
1452 1282 1558 1348 ἐποίεις

168 1418 200 1469 A.
218 1414 345 1470 Ausculta
362 1415 525 1480 praclarum
548 1422 699 1463 sentiuntur
715 1421 794 1475 quem
809 1403 917 1457 tiirinus
1002 1400 1034 1453 t.
1057 1400 1156 1449 Ἀκουε
1179 1395 1236 1459 οὐν,
1260 1396 1338 1462 φασί,
1362 1393 1434 1463 μάλα
1449 1391 1532 1446 καλοῦ
1548 1391 1632 1459 λόγου
1648 1390 1719 1461 (tra),
1733 1390 1761 1445 ἀν

134 1505 179 1560 ἰίΙυ
195 1508 324 1575 proplieta
348 1514 375 1557 et
395 1501 532 1569 legislator·
547 1497 634 1551 lluses
653 1496 773 1563 scripsit,
788 1508 868 1564 quem
891 1501 917 1545 ct
966 1488 1087 1555 Μωύοῆς
1113 1488 1162 1557 μὲν
1187 1485 1358 1561 δθεσπέσιος
1377 1485 1518 1555 προφήτης
1541 1482 1590 1535 καί
1610 1482 1761 1551 νομοθέτης

135 1608 303 1647 retinuisse
321 1593 390 1645 ratio
408 1587 601 1659 deprehendit.
619 1583 686 1638 Nam
704 1582 799 1653 Opiicx
825 1591 854 1636 rt
875 1581 915 1635 el·
968 1578 1146 1649 συνέγραψεν,
1163 1576 1250 1645 ἀληθῆ
1267 1574 1295 1627 δὲ
1317 1574 1382 1627 θντα
1403 1573 1512 1640 όλόγος
1527 1572 1678 1641 ἐφώρασεν
1694 1571 1759 1640 (tu).

135 1684 221 1739 tector
237 1685 315 1752 liujus
330 1680 460 1743 uniuersi,
474 1686 534 1743 post
553 1677 615 1731 coeli
631 1684 659 1730 et
683 1685 764 1729 terrie
783 1682 810 1727 et
832 1672 916 1726 muris
973 1670 1003 1722 '0
1025 1669 1079 1739 γὰρ
1095 1665 1266 1738 δημιουργός
1283 1670 1330 1718 καί
1355 1664 1467 1734 ποιητὴς
1488 1663 1565 1717 τοῦδε
1586 1662 1634 1715 τοῦ
1659 1663 1761 1725 στατὸς

135 1775 360 1842 procreationem,
385 1772 504 1838 itemque
521 1767 596 1832 solis,
613 1767 693 1828 luna.
719 1764 870 1827 stellarum,
890 1774 918 1818 et
933 1730 953 1784 B
970 1757 1040 1830 μετά
1061 1758 1112 1827 τὴν
1135 1753 1251 1826 οὐρανοῦ
1274 1755 1322 1807 καί
1337 1754 1389 1824 γῆς
1412 1753 1460 1805 καί
1476 1751 1615 1821 θαλάττης
1639 1752 1760 1820 γένεσιν,

135 1877 229 1916 eorum
244 1865 290 1933 qui
306 1862 333 1914 iu
346 1859 425 1923 coelo,
442 1867 525 1919 terra,
539 1869 602 1910 uere
616 1863 643 1909 et
660 1852 728 1906 mari
743 1852 855 1922 ticgnnr,
870 1852 919 1904 iro·
968 1849 1045 1921 ἡλίου
1061 1864 1091 1902 τε
1106 1848 1155 1902 καί
1178 1846 1305 1916 σελήνης,
1323 1844 1371 1898 καί
1384 1844 1516 1915 ἀστέρων,
1538 1842 1587 1896 καί
1601 1842 1658 1895 τῶν
1673 1843 1704 1896 έν
1717 1842 1762 1894 οὐ·

135 1954 236 2009 minent
261 1954 379 2006 condens
393 1949 543 2020 (oportebat
563 1947 634 2001 euim
649 1946 724 2015 quasi
742 1944 796 2011 regi
808 1953 835 1997 et
854 1958 919 1997 cort·
971 1938 1044 2011 ρανῶ
1058 1939 1106 1991 καί
1119 1939 1167 2007 γῇ,
1184 1936 1246 2006 ἀέρι
1258 1952 1289 1988 τε
1301 1937 1348 1989 καί
1363 1934 1482 2006 θαλάττῃ
1496 1933 1701 2002 διαιτωμένων,
1718 1933 1762 1986 τόν

137 2043 205 2096 ritae
218 2042 252 2095 alr
267 2042 387 2094 omnium
412 2054 476 2108 roge
490 2048 519 2092 et
540 2036 610 2106 epuli
627 2035 756 2103 magistro
772 2032 917 2101 praeparari
969 2030 1111 2099 άνθρωτον
1133 2024 1306 2098 δημιουργῶν
1321 2023 1390 2092 (ἔδει
1414 2024 1467 2094 γάρ
1482 2018 1527 2077 οία
1547 2022 1660 2093 βασιλεῖ
1669 2039 1702 2076 τε
1717 2021 1762 2076 καί

69 2179 71 2181 .
137 2131 226 2199 regias
241 2132 314 2183 πόσα
329 2138 356 2182 et
372 2127 537 2189 cornutium,
554 2134 581 2178 et
594 2138 655 2192 quae
678 2124 711 2176 ati
733 2122 916 2191 epulationem
969 2121 1110 2191 δαιτυμόνι
1129 2121 1185 2189 (71)
1200 2118 1252 2171 ὐπδ
1263 2116 1311 2170 τοῦ
1329 2117 1438 2170 πάντων
1454 2115 1587 2185 βασιλέως
1606 2116 1656 2168 καί
1673 2114 1762 2168 έστιά-

137 2218 657 2290 pertirient,tleintiesicregeurruper
682 2222 782 2267 terrant
803 2212 917 2281 imponi,
969 2211 1139 2283 τορος(7θ),
1165 2207 1416 2279 προετοιμασθῆναι
1442 2207 1475 2261 τά
1499 2205 1625 2276 βασίλεια
1657 2206 1708 2259 καί
1733 2204 1762 2259 τό

137 2321 166 2365 et
179 2311 292 2381 produci
308 2324 410 2379 regern,
425 2319 454 2363 et
466 2310 607 2362 convivam
625 2304 757 2359 bonorum
772 2318 832 2373 quae
858 2319 918 2356 ma·
971 2300 1122 2373 συμπόσιον
1141 2298 1188 2352 καί
1210 2298 1245 2352 τά
1266 2298 1318 2368 τῆς
1338 2296 1501 2360 ἑστιάσεως·
1532 2293 1583 2349 εἷθ’
1609 2295 1762 2360 οὐτωςτδν

137 2402 291 2472 grtusepuli
309 2395 918 2470 itragisrerapposuerat)‚uoniineminqmm,
971 2391 1019 2444 έτιί
1040 2391 1092 2461 γῆς
1113 2388 1329 2460 γειροτονοθῆναι
1354 2387 1401 2440 καί
1429 2385 1620 2458 προόληθῆναι
1648 2385 1763 2457 βασιλέα

138 2492 257 2545 comicus
269 2488 353 2559 288
368 2490 454 2542 burrus
471 2487 516 2541 ille
534 2483 642 2554 Opiiex,
654 2493 826 2552 mentemque
840 2469 934 2536 intel?
971 2481 1017 2535 καί
1039 2479 1186 2549 δαιτυμόνα
1201 2478 1254 2532 τῶν
1269 2477 1379 2548 ἀγαθῶν
1395 2479 1464 2548 (75),
1479 2470 1517 2531 ὧν
1534 2480 1547 2531 δ
1569 2479 1662 2549 μέγας
1677 2477 1763 2549 προθ-

138 2578 267 2647 ligeotem
286 2593 366 2645 quam
387 2590 453 2631 sune
466 2576 611 2645 imaginem
628 2574 713 2642 ipsius
727 2572 921 2642 esseaguoscil
970 2572 1055 2642 θηκεν
1079 2571 1248 2641 ἑστιάτωρ)
1271 2572 1285 2624 ἀ
1307 2569 1373 2639 γοῦν
1394 2569 1496 2637 ἀγαθός
1515 2568 1636 2640 Ποιητίγς
1655 2569 1704 2623 τδν
1718 2571 1763 2625 ἀν-

141 2670 223 2733 rttiu,
240 2683 302 2721 cum
321 2680 434 2735 corpore
445 2665 516 2733 quud
529 2664 580 2717 suli
593 2676 702 2715 sensum
717 2658 791 2713 cadit
804 2673 916 2728 compo·
972 2663 1082 2733 θρωαον
1096 2662 1270 2734 δημιουργῶν
1283 2662 1330 2715 καί
1343 2662 1439 2731 νοεράν
1453 2661 1554 2732 ψυχὴν,
1570 2662 1605 2732 (ν
1618 2663 1655 2730 δὴ
1670 2662 1761 2716 εικόνι

139 2772 208 2813 neris
220 2769 248 2812 et
264 2756 404 2825 coliigunt,
423 2762 450 2808 et
470 2755 505 2808 alr
524 2764 585 2807 ortu
600 2753 689 2821 primo
706 2750 921 2808 immortalitatis
971 2752 1055 2807 αὐτοῦ
1072 2748 1172 2806 οἷδενό
1192 2752 1280 2821 λόγος,
1295 2752 1416 2822 αἰσθητῷ
1431 2753 1538 2822 σώματι
1552 2758 1717 2824 συγκρίνων
1731 2769 1762 2806 τε

141 2848 245 2903 scrutina
266 2862 314 2915 per
330 2844 511 2899 immortalem
528 2846 647 2897 aninram
665 2843 826 2911 corporibus
846 2843 921 2897 inse·
972 2846 1020 2898 καὶ
1036 2843 1163 2907 συνδέων,
1179 2844 1226 2897 καί
1244 2843 1375 2897 ἀνέκαθεν
1389 2845 1424 2896 τά
1436 2847 1485 2914 τῆς
1500 2844 1655 2908 ἀθανασίας
1676 2845 1763 2917 στέρ-

141 2953 215 3003 rens,
238 2946 267 2992 ut
286 2937 494 2992 beneficentiam
517 2937 581 2991 lioni
609 2946 636 2991 et
658 2936 919 3006 contemplationem
974 2951 1047 3005 ματα
1071 2934 1115 2987 διά
1134 2933 1184 3005 τῆς
1206 2933 1340 2987 ἀθανάτου
1355 2934 1444 3004 ψυχῆς
1458 2936 1514 2995 τοῖς
1533 2934 1664 3005 σώμασιν
1679 2936 1764 3003 ἀγκα-

140 3033 276 3081 seuttrent
295 3027 378 3079 etium
391 3023 541 3088 insensilia,
559 3040 590 3078 uc
604 3041 652 3095 per
666 3026 819 3081 mistionem
840 3024 919 3079 iutel-
972 3028 1139 3097 τασαείρων,
1158 3026 1233 3089 ὅπως
1249 3026 1282 3080 ἀν
1295 3026 1344 3098 τῆς
1367 3026 1527 3098 εὐεργεσίας
1542 3027 1566 3081 τ’
1581 3026 1693 3096 ἀγαθοῦ
1715 3029 1765 3082 καί

141 3117 250 3185 ligentis
265 3118 404 3179 esseutiae,
422 3123 449 3168 et
462 3118 685 3184 tetriperationem
704 3118 763 3185 ejus
784 3083 955 3186 particepsc
973 3118 1024 3188 τῆς
1045 3118 1163 3188 θεωρίας
1177 3100 1330 3171 αίσθάνοιτο
1346 3117 1393 3170 καί
1414 3120 1448 3169 rt
1468 3117 1632 3187 ἀναίσθητα,
1657 3119 1708 3171 καί
1720 3119 1764 3172 διά

140 3215 225 3271 esset,
243 3221 299 3258 suae
323 3209 469 3274 potestatis
488 3204 616 3272 iacielmt,
632 3214 660 3258 ut
679 3221 694 3259 a
711 3206 874 3261 necessitate
889 3204 922 3259 ti·
974 3211 1024 3280 τῆς
1043 3209 1143 3278 μίξεως
1168 3209 1216 3278 τῆς
1238 3210 1335 3279 νοερᾶς
1352 3209 1446 3272 οὐσίας
1461 3211 1507 3262 καί
1530 3211 1765 3280 συνανακράσεως

140 3296 390 3360 irerutrr,solutum‚
411 3305 439 3349 et
454 3296 495 3351 sui
511 3296 593 3362 juris.
612 3296 657 3349 illu
673 3298 745 3352 enim
761 3305 804 3350 est
814 3306 878 3351 nutu
894 3308 923 3351 et
973 3300 1068 3354 τούτου
1095 3299 1219 3370 μετέχοι,
1247 3301 1420 3364 αὐτεξούσιον
1443 3301 1530 3354 ἐποίει
1559 3301 1607 3355 καί
1636 3303 1765 3371 ἀνάγκης

141 3398 247 3444 tessera
266 3391 372 3442 ratione
385 3386 536 3456 praesertim
550 3390 689 3442 instructae
703 3398 819 3452 naturae,
832 3387 921 3458 imago
974 3391 1126 3462 ἐλεύθερον,
1151 3392 1251 3461 ἀφετόν
1276 3409 1306 3444 τε
1323 3395 1369 3445 καί
1399 3393 1556 3461 αὐτόνομον.
1588 3393 1680 3448 Τοῦτο
1708 3396 1765 3466 γάρ

140 3490 169 3535 el
183 3482 300 3535 itttitatio
313 3482 423 3549 superni
437 3480 512 3549 regni
526 3498 532 3534 :
545 3489 573 3534 ct
582 3481 723 3549 praenriuru
736 3480 799 3535 illuri
811 3483 923 3535 intntur·
974 3481 1135 3552 γνώρισμα,
1152 3481 1200 3535 καί
1222 3481 1349 3553 σύνθημα
1363 3483 1473 3552 λογικής
1498 3483 1616 3553 μάλιστα
1640 3483 1764 3552 φύσεως,

142 3570 254 3626 talitatis
269 3572 354 3640 legem
368 3572 493 3640 praebuit,
511 3583 539 3626 ut
555 3585 649 3628 nosset
664 3572 821 3636 Dominum,
835 3586 921 3642 neque
974 3573 1023 3626 καί
1046 3571 1128 3626 είκὼν
1153 3573 1201 3627 καί
1220 3574 1334 3643 μίμησις
1348 3574 1405 3644 (λθ)
1434 3576 1484 3645 τῆς
1511 3573 1567 3626 ἀνω
1599 3573 1764 3643 βασιλείας·

140 3676 172 3718 se
194 3662 254 3718 sine
277 3677 342 3732 ruge
364 3677 397 3717 ac
421 3661 531 3718 domino
553 3677 614 3719 esse
632 3663 725 3728 sciret.
744 3664 921 3733 quatitumris
974 3659 1055 3717 ἆθλόν
1073 3681 1103 3717 τε
1125 3663 1204 3718 τοῦτο
1224 3665 1386 3727 ἀθανασίας,
1412 3666 1493 3736 νόμον
1517 3667 1661 3736 παρεῖχεν,
1690 3667 1767 3731 διευς

140 3767 234 3809 corum
250 3769 310 3822 quae
330 3765 395 3808 smrt
409 3767 489 3823 super
513 3763 614 3808 terram
630 3771 679 3810 rex
695 3764 767 3810 esset
788 3755 921 3809 constitu·
973 3755 1102 3826 γνωρίζοι
1116 3755 1162 3809 τίν
1176 3758 1323 3826 Δεσπότην,
1340 3758 1385 3809 καὶ
1403 3756 1440 3820 ῶς
1456 3757 1506 3811 οὐκ
1523 3758 1566 3829 είη
1581 3757 1768 3830 ἀθατίλευτός

142 3854 187 3900 tus
200 3858 208 3899 a
224 3844 250 3899 iri
264 3844 414 3914 proiectum
432 3859 448 3899 e
463 3843 642 3900 beneficentia
662 3845 720 3915 liei,
736 3844 782 3915 qui
799 3859 861 3900 eum
880 3859 923 3900 re·
976 3865 1006 3902 τε
1020 3846 1068 3900 καί
1081 3846 1228 3909 ἀδέσποτος
1243 3847 1336 3917 είδείη,
1352 3851 1375 3900 εί
1395 3849 1510 3901 καὶτῶν
1528 3850 1574 3902 tari
1588 3852 1641 3920 γης
1653 3855 1767 3924 γεγόνει

141 3950 202 4006 gem
216 3936 368 3991 coustituit.
387 3936 549 3992 Praeclarum
562 3937 634 3992 enim
647 3947 690 3992 est
705 3952 780 3992 suam
795 3937 920 3993 seruilem
975 3937 1103 4008 βασιλεὺς
1118 3935 1186 4007 (75),
1204 3937 1348 4006 εὐεργεσίᾳ
1371 3938 1418 3991 τοῦ
1435 3938 1546 4007 βασιλέα
1564 3944 1767 4014 πεποιηκότος.

141 4029 325 4083 conditionem
346 4043 503 4100 agnoscere,
521 4029 592 4099 qrrotl
612 4029 808 4100 arrogantiam,
826 4040 854 4084 et
870 4045 920 4083 rru-
973 4030 1076 4100 Χρημα
1089 4030 1143 4099 γάρ
1162 4045 1188 4082 τι
1200 4029 1311 4100 ναλθνι)
1329 4029 1379 4097 τῆς
1391 4031 1513 4093 δουλείας
1526 4032 1679 4101 ἐπίγνωσις
1695 4038 1768 4110 ((6),

140 4120 260 4189 dacium,
277 4131 306 4178 et
323 4123 477 4190 superbiam
495 4131 523 4175 et
542 4121 643 4176 lastum
663 4122 839 4187 exterminat,
861 4122 918 4191 pri·
974 4121 1165 4192 ὑπερηφανίαν
1174 4123 1222 4175 καί
1233 4123 1378 4176 αὐθάδειαν
1388 4125 1435 4177 καί
1446 4124 1530 4194 τῦφον
1540 4127 1587 4180 καί
1599 4127 1769 4194 ἀλαζονείαν

177 4291 234 4367 ίδθ)
252 4297 286 4352 '0
303 4297 424 4369 ἀγαθός.
450 4296 508 4350 Non
522 4307 584 4365 puto
596 4296 659 4349 aiibi
676 4297 716 4350 ιίο
733 4295 804 4364 ioqui
818 4294 921 4350 Zuclra·
937 4324 959 4377 D
973 4295 1081 4349 inerunt
1096 4297 1187 4364 utique
1202 4297 1254 4351 tino
1267 4299 1367 4369 egregii
1385 4299 1429 4354 isti
1442 4301 1592 4372 scriptores
1604 4306 1690 4364 unius
1705 4325 1769 4368 ms-

142 4368 221 4424 riam.
241 4365 333 4435 ltaque
352 4379 378 4420 et
395 4368 474 4422 isthic
490 4367 611 4418 uoculum
626 4367 770 4431 adiecerim
784 4380 792 4418 τ
809 4366 838 4418 Ὀ
853 4368 921 4433 ἀγα·
973 4367 1049 4486 pieni
1065 4367 1187 4433 tliscipuli
1201 4383 1209 4432 ς
1225 4368 1261 4418 itu
1278 4370 1356 4436 plane
1371 4373 1464 4423 cadem
1481 4381 1660 4432 corinuentali
1686 4393 1767 4438 sunt,

142 4437 188 4498 θθς
205 4435 281 4495 Θεός.
297 4435 346 4488 lit.
998 4449 1029 4486 ec
1046 4444 1087 4487 est
1104 4449 1172 4486 unus
1188 4445 1275 4488 tamen
1291 4440 1400 4491 omnino
1415 4451 1521 4497 auctor.
1538 4442 1586 4496 Ba.

182 4506 237 4577 (θθ)
255 4507 363 4557 'Arous
379 4498 446 4567 οὖν,
461 4504 546 4571 μυσί,
558 4500 639 4571 μάλα
653 4501 747 4556 καλοῦ
764 4502 867 4570 λόγου.
884 4501 923 4557 Si·
1010 4503 1066 4575 (λδ)
1084 4501 1181 4556 ultor
1192 4506 1240 4557 καί
1250 4507 1385 4574 μίμησις.
1402 4511 1519 4580 Sibylla:
1534 4512 1695 4583 ’ἀνθρωττοι
1707 4519 1768 4574 θεό-

144 4577 217 4630 milia
229 4578 298 4640 apml
314 4573 427 4626 AErrcanr
442 4579 474 4625 ati
493 4577 582 4626 linem.
597 4573 644 4626 lia.
974 4573 1091 4627 πλαστον
1101 4574 1208 4641 ἔχοντες
1220 4578 1249 4626 ἐν
1265 4579 1349 4628 είκόνι
1370 4583 1490 4647 puppim
1506 4579 1640 4634 lintrilius.
1664 4585 1768 4642 Eum.

179 4644 235 4712 (ῑθ)
256 4640 294 4695 lle
312 4642 409 4713 lloysis
433 4645 590 4696 auctoritaie
609 4642 679 4709 ιιμιιιΙ
703 4653 817 4703 ueteres,
841 4642 921 4695 etiarn
972 4647 1093 4711 piumque
1105 4644 1152 4694 liei
1171 4647 1277 4711 qnirgue
1294 4650 1372 4699 estin
1394 4650 1506 4716 iutaqine
1518 4668 1607 4716 paruo.
1623 4650 1766 4712 Ouinius·

143 4725 219 4767 estrat
237 4711 922 4781 rctrtmem,scriptores,caputtlctlinmsseemnlo
973 4711 1068 4764 Finxit
1093 4716 1120 4763 t'n
1147 4715 1259 4781 tinguent
1288 4719 1467 4770 tirouerumum
1500 4729 1593 4772 cutrctu
1622 4701 1766 4794 deernm;

145 4782 278 4836 uolumine
291 4781 518 4836 Αιίυιτιοιίιιτυιιι.
534 4782 634 4852 llnysrs
651 4783 843 4849 cosmopoeiam
861 4796 922 4835 cum
973 4795 1025 4836 etc.
1044 4782 1091 4836 m.

143 4849 283 4921 gentilium
298 4863 473 4919 conmutatum
499 4856 581 4905 tratres
600 4852 670 4921 apud
685 4848 861 4920 Ttreupltilum
876 4851 920 4904 lili.
1009 4850 1065 4920 (75)
1087 4856 1209 4923 separer
1222 4857 1381 4921 βασιλεὺς.
1396 4854 1523 4925 0!ymptrs
1535 4856 1720 4921 Nemesianus
1736 4868 1765 4922 irr

143 4938 164 4977 tt
195 4920 410 4990 Autlutulycnm.
427 4919 474 4974 Bt.
974 4918 1134 4996 liuliettticu,
1155 4925 1250 4979 Ονιιίιυ
1264 4927 1340 4991 uulgo
1356 4929 1472 4992 ascripto
1490 4942 1497 4978 τ
1521 4928 1625 4995 Accepit
1643 4943 1767 4991 ταιιιιιίια

178 4990 234 5059 (71)
248 4992 414 5058 Δαιτυμόνα
429 4993 566 5054 cmm-irat,
583 4987 681 5057 ltospiti
694 4989 728 5043 ad
744 5002 874 5051 mensam,
889 4990 922 5042 ad
973 5005 1068 5056 regem.
1085 4994 1194 5048 tiridins
1208 5014 1214 5048 :
1228 4995 1362 5068 [Saturnius
1380 4997 1420 5047 liis
1431 4997 1531 5048 ιιιιιιιιαί
1551 5003 1698 5072 truciumque
1716 5023 1766 5061 ς..

143 5062 238 5128 epulus
250 5076 286 5110 mr
295 5074 370 5113 timu.
389 5060 452 5113 l'rtie
468 5061 640 5131 llesycuimn,
658 5059 706 5128 qui
725 5061 807 5111 etiam
822 5071 923 5126 coquos
973 5061 1062 5126 pocius
1072 5062 1133 5115 ulto
1145 5062 1250 5135 [Deerat
1261 5064 1357 5125 ιιιίιιιιε,
1368 5079 1390 5116 er
1402 5070 1469 5133 ηιιυιί
1482 5069 1614 5120 uunrinmi
1623 5073 1651 5124 ιἰι
1663 5072 1765 5130 caim

144 5132 194 5183 lruc
211 5142 275 5181 tuce
287 5140 404 5182 retisrtus
418 5129 613 5183 arrtutrmt.··lit.
874 5194 879 5204 ¹
972 5140 1076 5192 postet:
1093 5129 1192 5203 [Nrrtnt
1208 5136 1284 5187 irortro
1298 5143 1346 5186 cst.
1366 5137 1401 5187 lie
1415 5140 1529 5187 laurinus
1545 5136 1694 5197 rtet-orions
1710 5162 1763 5199 no·

180 5196 235 5266 (Ὶθ)
264 5198 464 5265 Ἐστιάταρος.
491 5194 798 5252 Pr.t·iritoris.b'iccnim
819 5192 924 5248 erirrlti-
974 5198 1053 5249 bilem
1066 5201 1161 5254 litatum
1172 5201 1763 5273 tratrenmsiieutesii,ptrttosopuicnrrspwr

144 5275 230 5319 turoni
248 5276 386 5332 epularum
406 5278 527 5321 circutum
541 5268 603 5319 aiiiri
619 5265 795 5319 ostendimus.
810 5261 858 5319 lit.
973 5271 1109 5332 qumttiris
1123 5273 1211 5340 pretii.
1228 5271 1276 5326 Bt.

181 5334 237 5405 (ῑδ)
260 5336 320 5390 Τῶν
343 5335 470 5406 ἀγαθῶν.
493 5335 549 5389 ίίυο
566 5346 608 5389 est
628 5336 775 5396 bonorum,
801 5339 921 5411 cruorum
1008 5335 1064 5406 (⁷6)
1087 5341 1230 5408 Λουλείας
1245 5341 1416 5410 &altwis-
1443 5345 1481 5402 lle
1501 5353 1631 5422 dignitate
1659 5355 1763 5423 agnita

144 5406 293 5461 saltitat-ium
309 5417 333 5460 et
349 5410 417 5460 berre
435 5415 635 5474 apparitorum.
650 5403 791 5457 Petronius
807 5405 840 5457 tle
856 5404 922 5456 ileli-
975 5412 1047 5457 reite
1061 5410 1209 5475 servitutis,
1224 5425 1305 5480 mnne
1318 5428 1348 5466 cu
1369 5431 1416 5481 per
1430 5423 1520 5476 orrinia
1536 5422 1683 5477 distrilmta
1700 5424 1740 5476 sit

66 5518 73 5530 .
144 5485 207 5528 cato
222 5472 279 5533 tali,
296 5483 347 5528 ete.
365 5475 448 5538 vium
473 5488 525 5526 trun
540 5474 684 5538 repetentia
699 5473 771 5525 eninr
796 5472 839 5526 iric
860 5481 923 5525 sunt
973 5475 1093 5540 pulchris
1107 5478 1229 5535 uersibus
1245 5481 1371 5549 Papinius
1388 5498 1477 5541 noster
1497 5494 1532 5545 lili
1561 5506 1602 5552 m,
1629 5463 1761 5546 caram}

145 5557 205 5610 tium
220 5542 375 5608 scripsimus
394 5545 534 5598 tumim.
557 5542 602 5597 lili.
620 5538 837 5613 cutrr'1itictlito]‚
853 5541 921 5596 οἳ.
974 5544 1118 5612 Siluarum,
1141 5545 1280 5620 Lacryrnis
1299 5551 1415 5612 Etrusci,
1439 5560 1502 5612 otim
1529 5532 1610 5623 gerit,
1626 5571 1688 5626 ρης(
1708 5565 1761 5615 snt·

147 5616 291 5674 sentientia
308 5613 401 5666 eadem
417 5615 500 5668 italos
521 5611 590 5681 aputi
611 5609 724 5665 Atticam
742 5620 872 5665 nostrum.
891 5611 923 5665 ln
975 5617 1181 5683 imperatoribus
1196 5624 1309 5676 rtruersis
1324 5638 1428 5692 iiiaguts
1446 5632 1525 5684 retius
1542 5630 1642 5684 uuirtoti
1661 5647 1669 5683 z
1687 5629 1759 5698 (ιθεο
