3817 6075
155 269 205 336 m
856 234 1105 331 ontnoxnr
1741 260 1790 328 m

152 381 288 451 νηοιίκαί
298 380 441 451 μοιχαλὶς
467 380 593 449 σημεῖον·
605 381 742 448 ἐπιζητεῖ,
757 381 804 434 καί
822 388 948 452 σημεῖον
963 398 984 447 ,ς
1001 386 1069 438 latas
1082 384 1206 438 Cirrisms
1226 397 1289 437 snas
1312 383 1418 438 iaciens
1438 381 1535 437 elatrat
1571 381 1605 435 ad
1620 378 1787 435 incredulum

142 463 189 528 or)
213 472 375 541 δοθήσεται
387 469 476 540 αὐτῇ,
491 474 518 525 εί
531 472 576 542 μὴ
597 472 630 526 τό
651 470 778 540 σημεῖον
791 469 876 527 Ἰωνᾶ
893 472 946 525 τοῦ
996 473 1149 530 iudeorum
1167 473 1468 545 populumtia'enerotio
1502 474 1573 527 molo
1606 482 1631 527 et
1666 474 1788 527 adultero

151 562 320 632 προφήτου.
342 563 456 631 Ὥσπερ
480 566 536 633 γὰρ
549 558 589 633 ἦν
607 561 712 629 Ἰωνᾶς
726 562 762 616 ἐν
785 562 824 633 τῇ
845 565 946 627 κοιλίᾳ
996 562 1100 629 ciosum
1126 565 1232 632 puerit,
1249 573 1273 617 et
1298 564 1403 633 ciprum
1426 580 1478 617 non
1494 563 1602 616 dabitur
1624 563 1659 626 τί,
1683 562 1736 616 nisi
1748 562 1787 615 si·

151 655 205 709 tori
225 652 338 721 κήτους
352 654 430 722 τρεῖς
445 652 618 723 ἠμέραςκαί
635 653 714 722 τρεῖς
730 654 854 722 νύκτας,
869 654 947 709 οὕτω
995 665 1075 719 quum
1107 654 1184 708 όοιιιτ
1223 655 1365 723 propono.
1393 654 1468 709 Sicut
1494 655 1564 707 enim
1608 652 1659 723 [νῦν
1701 651 1788 706 donor

151 744 201 800 δεῖ
211 746 266 800 τόν
282 748 352 799 Υίδν
364 745 417 799 τοῦ
431 746 591 814 ἀνθρώπου
605 744 826 815 ποιῆσαιέντςῑ
839 745 945 813 καρδίᾳ
996 758 1023 795 ιιι
1065 755 1152 796 uentre
1181 743 1435 799 retirridasdiebns
1464 752 1488 799 el
1520 745 1605 798 tribus
1646 744 1785 808 noctibus,

151 836 207 907 τῆς
221 836 653 908 γης(όί).1ί·ηρύττειχὰρέντῇ
668 838 732 908 σκιᾷ
742 836 791 907 τὴν
803 836 943 905 ἀληθειαν,
996 833 1051 905 74
1063 837 1101 887 sic
1131 845 1230 903 oportet
1247 834 1345 889 Filium
1357 836 1471 889 bominis
1484 853 1560 906 opere
1574 837 1601 890 in
1615 838 1692 891 corde
1707 845 1786 892 terrm

151 928 263 993 ότύττος
277 929 312 982 τὰ
322 928 486 1000 πράγματα,
496 928 530 981 τὰ
547 927 621 999 πάθη
635 928 876 1000 προζωχριιφεῖται
889 931 945 991 τοῖς
996 925 1078 980 tribus
1091 927 1182 980 diebus
1212 939 1235 981 et
1253 929 1337 982 tribus
1360 928 1476 980 noctibus
1488 928 1521 981 “.
1542 930 1691 985 ennuntiat
1710 929 1783 985 enim

152 1021 279 1075 πάθεσιν.
292 1021 348 1074 Καί
365 1020 398 1091 δὴ
422 1019 520 1091 μικρόν
537 1018 720 1082 ὰναλαδόντες
734 1017 774 1089 τῷ
789 1018 870 1089 λόγῳ,
888 1018 943 1071 δεί-
996 1016 1037 1070 vel
1053 1004 1189 1072 irrurulrra
1205 1019 1361 1085 ueritatem,
1384 1020 1471 1089 imago
1510 1035 1565 1074 rem
1588 1022 1693 1091 ipsam,
1722 1038 1786 1098 pas·

153 1112 244 1184 ξωμεν
256 1112 298 1166 ότι
317 1111 394 1182 φίλον
406 1111 491 1165 πάλαι
505 1110 575 1181 Θεῷ,
595 1109 724 1182 καθάπερ
738 1108 785 1164 inl
806 1126 878 1174 τινος
892 1110 944 1181 ἀρ-
996 1107 1099 1163 sionem
1112 1111 1245 1179 passione·
1268 1110 1342 1180 prius
1376 1112 1409 1165 ad
1444 1113 1533 1165 νίιιιιυ
1551 1112 1784 1183 ετμίιιςίί.ιίςε,

152 1203 234 1277 χαίιις
256 1204 361 1267 είκόνος
387 1203 569 1273 σκιαγραφείν
598 1201 634 1256 τό
650 1200 736 1273 νεκρὰ
761 1201 811 1273 τῆς
833 1200 944 1273 χάριτος
996 1200 1132 1270 paululum
1158 1204 1280 1258 oratione
1298 1203 1437 1273 superiora
1452 1215 1625 1274 repetentes,
1650 1215 1784 1261 monstre-

153 1294 364 1367 κατορθώματα.
388 1293 498 1364 Ἐπειδὴ
511 1294 566 1365 γὰρ
581 1293 616 1347 τό
632 1293 750 1348 νικῶντα
764 1294 828 1358 τοὺς
845 1294 945 1364 νόμους
996 1314 1055 1354 mus
1087 1304 1116 1350 ut
1139 1295 1241 1365 pridem
1267 1296 1388 1351 solemne
1416 1295 1470 1351 Deo
1498 1295 1580 1351 luerit
1598 1296 1672 1353 uelut
1697 1298 1722 1351 in
1741 1313 1786 1352 re·

152 1385 498 1456 τῆςφύοεωςτρόγμοτο,
518 1388 579 1448 τοῖς
602 1384 658 1438 τῶν
673 1384 826 1455 ἀνθρώπων
848 1386 944 1449 ἀκοαῖς
996 1398 1148 1445 teresi-eme
1174 1388 1290 1457 qrrudam
1315 1386 1431 1457 irnogtne
1458 1396 1580 1441 emortua
1603 1389 1695 1459 ςινιῑε
1715 1388 1785 1445 lact·

152 1493 182 1530 τε
197 1478 245 1531 καί
258 1476 381 1548 όμμασιν
393 1477 505 1543 ἄπιστε,
521 1476 566 1531 διὰ
575 1476 654 1529 τοῦτο
668 1476 716 1540 τὰς
728 1476 782 1529 τῶν
796 1477 944 1548 θαυμάτων
995 1494 1061 1535 nora
1076 1478 1247 1531 adumbrare.
1268 1476 1345 1544 Quod
1369 1480 1440 1532 enim
1466 1486 1568 1530 naturas
1591 1477 1663 1548 leges
1688 1494 1732 1534 res
1744 1480 1785 1532 vi·

153 1569 262 1631 εἰκόνας
281 1568 376 1633 όΘεδς
394 1567 647 1641 προκαταόάλλεται
663 1566 730 1639 (όδ),
745 1568 790 1621 ἵνα
804 1567 853 1637 τὴν
870 1567 942 1620 ixei·
994 1571 1083 1626 cerint
1097 1569 1236 1623 bominum
1254 1570 1365 1624 osoribus
1384 1568 1507 1624 crocotis
1526 1568 1708 1634 incredibiles,
1724 1571 1784 1626 ideo

152 1678 207 1715 νων
227 1660 290 1714 θέαν
304 1662 333 1716 έν
343 1660 449 1724 τούτοις
467 1659 731 1732 προμελετησαντες,
746 1659 793 1712 καί
808 1658 858 1722 τός
870 1659 943 1729 epu·
995 1660 1189 1716 miraculorum
1204 1660 1349 1715 simulacra
1367 1659 1438 1714 Deus
1460 1671 1523 1713 acute
1547 1659 1712 1715 lundameuti
1725 1660 1786 1716 loco

151 1752 284 1824 δοοτέρος
297 1753 351 1805 τῶν
363 1750 511 1822 θαυμάτων
533 1750 612 1813 σκιὰς
630 1749 811 1819 καθορῶντες,
826 1750 860 1819 τῇ
881 1765 942 1802 ουν·
957 1750 980 1805 θ
994 1755 1112 1821 rotun,
1137 1762 1167 1808 ιιι
1182 1768 1276 1809 eorum
1301 1753 1456 1823 spectu-oto
1477 1755 1504 1806 tn
1536 1753 1579 1807 tos
1600 1753 1786 1822 praemeditato

151 1842 246 1912 τρόφῳ
262 1840 376 1915 θεωρίᾳ,
393 1841 518 1911 καθάπερ
533 1842 562 1893 έν
579 1838 705 1910 ἐσόπτρῳ
720 1838 756 1892 τό
776 1838 845 1909 ὑπὲρ
860 1837 942 1907 φύσιν
994 1846 1172 1900 obsoletiores
1201 1845 1392 1898 miraculorum
1416 1844 1527 1899 umbras
1554 1844 1704 1914 conspicari
1735 1846 1785 1898 lto·

152 1933 342 1988 πιστεύσειαν.
995 1936 1081 1990 mlues
1106 1934 1341 1989 animadversione
1359 1947 1394 1989 es
1421 1934 1501 1990 rebus
1531 1934 1597 2005 ipsis
1625 1944 1688 1989 nata
1713 1934 1785 1990 νείιιι

994 2023 1021 2079 in
1037 2022 1148 2093 speculo
1165 2062 1172 2086 ,
1190 2036 1250 2092 que
1265 2036 1346 2092 supra
1376 2030 1501 2076 naturam
1522 2029 1600 2087 sunt,
1625 2021 1747 2077 credant.

188 2117 222 2187 β’.
241 2119 347 2189 Ὥσπερ
372 2113 418 2172 οὖν
445 2120 469 2171 oi
495 2119 577 2191 τέχνῃ
599 2118 646 2170 καί
669 2117 796 2189 χρώμασι
820 2116 869 2181 τὰς
889 2117 942 2169 τῶν
1018 2113 1046 2167 2.
1064 2111 1425 2181 Quemadmotlumquiartis
1439 2113 1596 2168 cuculorum
1611 2112 1785 2169 subsidiore·

151 2210 300 2279 ὁρωμένων
317 2209 412 2278 φύσεις
428 2210 578 2273 ὡδίνοντες,
601 2212 689 2273 σκιαῖς
711 2208 941 2280 προχαράττουσι,
994 2220 1053 2260 rum
1076 2206 1198 2260 risurum
1228 2214 1341 2259 natttras
1366 2203 1516 2259 moliuntur
1532 2203 1693 2269 ellormare,
1722 2217 1783 2258 um·

151 2302 218 2372 πρίν
239 2301 256 2371 η
283 2303 339 2365 τοῖς
360 2300 501 2372 χρώμασιν
524 2299 717 2371 ceetomon-
738 2298 784 2352 τόν
804 2298 886 2352 αὐτόν
909 2298 942 2367 δη
993 2297 1056 2353 bras
1070 2298 1202 2368 quasdam
1218 2297 1413 2368 praeformant,
1430 2306 1574 2366 antennam
1599 2296 1720 2353 colorum
1733 2294 1784 2351 do·

150 2394 285 2465 spinosi
307 2392 444 2462 πάνσοςος
460 2392 585 2463 τεχνίτης
609 2390 660 2460 τῆς
683 2390 798 2452 κτίσεως
818 2387 871 2452 τὰς
887 2388 942 2441 τῶν
993 2402 1051 2442 rem
1077 2387 1193 2443 ludant:
1232 2387 1327 2443 eodem
1354 2388 1435 2443 modo
1468 2387 1663 2443 solertissimus
1690 2385 1783 2442 mundi

151 2486 266 2540 εἰκόνων
277 2485 435 2557 σοφωτέρας
445 2485 578 2556 πρότερον
587 2487 649 2548 ταῖς
662 2481 843 2553 βραχυτέροις
853 2484 941 2535 έσκιο-
993 2479 1092 2535 artliex
1117 2480 1249 2550 imagines
1296 2494 1357 2550 quae
1382 2468 1443 2551 plns
1465 2481 1534 2537 artis
1548 2490 1695 2552 reposcunt
1708 2482 1784 2550 prius

151 2575 296 2648 γρόρησε·
313 2569 491 2645 manipretio
514 2573 633 2648 Χριστοῦ
656 2572 743 2636 πάθος
762 2572 809 2633 καὶ
827 2574 943 2643 σταυρὸς
993 2579 1133 2627 attenuate
1167 2571 1350 2628 adumbrarit.
1373 2570 1463 2627 Veluti
1499 2570 1621 2627 iuturum
1654 2580 1736 2637 erat,
1754 2581 1784 2626 ut

153 2666 306 2739 ίονθρόιτσις
322 2667 494 2738 όναλόμτειν
515 2668 659 2738 σωτήριος,
674 2666 820 2737 reputabor
841 2665 942 2737 ἔτηξεν
994 2662 1148 2717 bominibus
1174 2660 1270 2716 solutis
1291 2660 1376 2718 lacem
1404 2661 1566 2732 praeluceret
1589 2661 1689 2717 Clrristi
1715 2676 1783 2717 crux

153 2760 185 2811 έν
195 2758 234 2829 τῷ
248 2757 325 2830 simp
338 2757 372 2811 τὰ
386 2756 524 2828 θαύματα,
541 2757 587 2810 καί
606 2757 756 2831 ’Δόρσὰμό
774 2757 940 2830 πρεσθύτης,
992 2761 1021 2808 el
1037 2753 1144 2823 passio,
1173 2767 1217 2808 res
1249 2762 1302 2808 tarn
1336 2753 1420 2809 miras
1461 2754 1487 2808 in
1512 2753 1631 2823 imagine
1661 2753 1785 2823 protopr-

150 2848 199 2903 διὰ
211 2849 264 2902 τῶν
279 2850 387 2903 οίκείων
405 2847 508 2903 ὠδίνων
533 2849 675 2922 μιμεῖσθαι
697 2848 728 2901 τό
747 2849 832 2913 πάθος
855 2863 940 2921 προσ-
993 2856 1056 2899 rare
1068 2844 1139 2900 Deus
1153 2852 1278 2914 occupat,
1294 2853 1321 2899 et
1334 2843 1534 2913 abrabanjnn
1551 2853 1608 2898 tum
1624 2845 1785 2916 semocpro·

149 2939 289 2995 τόττεται.
311 2940 403 2995 Ἰταόικ
416 2939 455 3012 τῷ
474 2941 671 3012 τατρίτερὶτδ
684 2940 764 3011 έρχον
778 2942 939 3010 συνέκαμνε,
993 2936 1052 3005 prio
1080 2946 1158 3007 partu
1177 2950 1236 2991 eam
1260 2936 1414 3007 passionem
1438 2935 1549 3007 jubetur
1578 2935 1690 2991 imitari.
1707 2937 1783 2989 lsaa·

150 3031 200 3087 arel
218 3030 250 3086 τδ
265 3030 341 3103 θῦμα
355 3031 405 3104 etp
420 3031 517 3086 θυσίαν
538 3032 725 3105 συνεμερίμνα
743 3032 782 3104 τῷ
800 3030 941 3086 odorere
992 3042 1041 3084 cus
1077 3042 1139 3084 cum
1167 3036 1246 3099 patre
1269 3029 1343 3086 circe
1366 3044 1435 3100 opus
1468 3028 1667 3095 collaborabat,
1693 3037 1783 3084 elsa·

150 3125 244 3196 βωμός
258 3126 405 3195 ἐπήγνυτο,
421 3125 438 3195 ἡ
455 3124 521 3194 φλόξ
538 3125 720 3195 ἀνεπέμπετο,
732 3126 798 3197 ταῖς
810 3123 877 3196 πρός
890 3124 940 3195 την
993 3122 1125 3177 crillcium
1146 3137 1208 3179 curn
1234 3122 1406 3179 sacrideante
1426 3123 1561 3195 cogitabat
1576 3123 1784 3179 sacrificatione.

150 3218 261 3288 σφαγὴν
272 3216 463 3288 ηὐτρεπίζετο,
473 3216 548 3285 ξίφος
562 3215 686 3289 ἐφέρετο,
697 3217 712 3269 ό
723 3215 857 3287 τράχηλος
871 3215 940 3286 πρός
992 3212 1046 3268 Ara
1066 3215 1216 3285 figebatur,
1233 3215 1344 3270 damme
1368 3217 1517 3286 surgebat,
1534 3229 1601 3284 puer
1623 3217 1657 3268 ad
1679 3215 1783 3285 iugula·

149 3308 285 3379 ὑποδοχὴν
302 3307 464 3361 διετάττετο.
486 3305 566 3360 Ἀλλὰ
587 3306 664 3379 φωνὴ
679 3307 728 3376 μέν
749 3305 895 3378 οὐρανόθεν
912 3308 941 3360 τό
993 3305 1092 3360 tionem
1120 3307 1263 3375 aptabatur
1284 3347 1292 3373 ,
1312 3307 1417 3378 gladius
1446 3304 1599 3373 ferebatur,
1633 3306 1724 3361 cervix
1750 3307 1784 3359 ad

149 3401 228 3471 ξίφος
245 3399 400 3470 ἐδέσμευεν,
419 3399 595 3470 ὰντεισήχετο
624 3398 653 3451 δέ
676 3397 724 3452 τοῦ
746 3398 840 3462 παιδός
855 3398 941 3468 ὰμνδς
992 3396 1074 3451 ictum
1100 3399 1300 3468 suscipiendum
1325 3399 1565 3471 componebatur:
1591 3413 1643 3454 ros
1670 3414 1686 3455 e
1713 3400 1784 3454 coelo

147 3491 287 3558 τοῡξόλου
299 3491 483 3564 κρεμάμενος,
494 3492 541 3544 καί
554 3490 585 3543 τό
596 3489 732 3562 πρόδοτον
743 3492 776 3562 τη
788 3489 835 3543 τοῦ
852 3489 939 3543 bimo·
992 3498 1073 3539 ruens
1097 3486 1214 3557 gladium
1231 3488 1410 3559 impediebat,
1434 3504 1465 3544 ac
1480 3503 1529 3559 pro
1557 3504 1638 3560 puero
1670 3505 1783 3561 agnose

147 3583 247 3652 γεντῦς
260 3585 351 3654 σφαγῇ
365 3581 574 3653 όντεκομίζετο·
590 3583 662 3636 καὶό
677 3583 726 3654 μέν
737 3583 830 3636 Ἰσαὰκ
844 3581 940 3653 ἔμενεν
993 3577 1117 3646 vepribus
1134 3592 1281 3649 suspensus
1301 3579 1499 3646 inducebatur,
1526 3590 1553 3636 el
1572 3581 1630 3636 ovis
1643 3582 1784 3651 unigenito

148 3674 270 3744 όταθης,
284 3674 301 3744 η
316 3672 397 3726 θυσία
412 3671 442 3726 δέ
464 3672 495 3725 τό
512 3670 598 3735 πάθος
615 3670 778 3742 ἐλάμόανεν.
795 3670 857 3726 Ἴδε
872 3671 938 3742 γὰρ,
991 3667 1041 3724 Dei
1066 3669 1134 3725 Filio
1149 3670 1260 3726 suffecta
1274 3671 1395 3743 jugulum
1420 3675 1527 3729 obtulit.
1553 3673 1661 3729 isaacus
1687 3672 1785 3742 perdu-

148 3773 244 3838 φησιν,
259 3769 276 3821 ο·
289 3765 397 3836 'sprec
415 3763 470 3819 τοῦ
484 3762 570 3828 Θεοῦ,
587 3763 707 3834 όοίρων
723 3762 780 3832 τὴν
793 3763 940 3833 ἁμαρτίαν
992 3771 1034 3817 rat
1058 3763 1262 3829 irruutneratus,
1292 3764 1402 3821 victima
1429 3780 1494 3821 ιντο
1509 3779 1602 3821 casum
1618 3764 1782 3835 perferebat.

150 3861 203 3915 τοῦ
225 3863 341 3930 κόσμου
359 3861 430 3930 teil·
454 3858 504 3930 τῆς
520 3857 574 3930 γὰρ
605 3857 768 3928 φαινομένης
793 3856 892 3929 σαρκός
909 3857 939 3911 τό
990 3853 1059 3910 Ecce
1074 3857 1163 3923 eninr,
1180 3856 1287 3926 inquit,
1305 3866 1402 3927 ἀςιιντ
1422 3855 1482 3923 Dei,
1500 3859 1617 3927 eccequi
1643 3857 1712 3911 tollit
1724 3873 1782 3922 pec·

147 3951 296 4015 πόθο;,οθ
321 3951 370 4021 τῆς
392 3951 541 4022 νοουμένης
566 3949 702 4022 θεότητος.
731 3949 815 4003 Πάλιν
842 3948 937 4020 ἔμελλε
990 3954 1077 3998 cotum
1098 3944 1242 3999 mundi”:
1260 3953 1323 3999 nam
1338 3945 1428 4000 caruis
1442 3947 1599 4016 apparentis
1618 3945 1668 4001 luit
1682 3947 1782 4017 passio,

149 4039 416 4108 τίκτεινθαρθένος,
429 4041 487 4094 ἀντί
503 4038 558 4092 τῶν
582 4040 672 4108 νόμων
687 4037 737 4107 τῆς
758 4036 865 4106 φύσεως
880 4055 939 4090 πει·
991 4057 1043 4096 uon
1066 4040 1214 4112 spiritualis
1235 4041 1355 4097 deitatis.
1381 4043 1481 4097 lterum
1508 4051 1566 4098 crat
1587 4043 1706 4114 parituro
1721 4041 1782 4097 Vir·

155 4129 262 4200 θομένη
273 4132 306 4199 τῇ
323 4131 423 4201 χάριτι·
435 4132 478 4183 ἵνα
489 4131 525 4202 μὴ
536 4131 662 4198 λέγωσιν,
674 4130 805 4192 'Antenor
821 4131 835 4182 ό
849 4130 937 4193 τόκος,
990 4146 1042 4202 go,
1057 4147 1118 4203 qttte
1137 4136 1232 4203 gratiae
1254 4133 1360 4202 potius,
1379 4149 1459 4202 quam
1483 4144 1586 4190 naturae
1610 4134 1714 4206 legibtts
1735 4151 1782 4205 pa-

156 4218 490 4292 ‹ttnnprosrfiepu'orop
506 4221 550 4274 διὰ
571 4219 650 4275 τοῦτο
666 4218 850 4291 προλαόοῡσαι
867 4221 937 4272 orsi·
991 4224 1054 4278 ruit.
1080 4220 1150 4290 ideo,
1179 4237 1213 4278 tte
1240 4223 1353 4279 dicant:
1381 4221 1479 4281 Partus
1505 4226 1693 4293 incredibilis,
1717 4227 1783 4281 alie·

150 4330 199 4385 ραι
213 4310 346 4383 μελετῶσι
361 4313 392 4366 τό
408 4311 510 4384 θαῦμα,
526 4313 572 4367 καί
585 4314 677 4385 Σάρρα
693 4311 763 4382 μετὰ
778 4311 876 4383 γημας,
891 4313 938 4364 καὶ
990 4330 1053 4368 ιιιιιιι
1077 4313 1104 4370 id
1123 4323 1271 4369 enatura:
1301 4316 1429 4373 mulieres
1473 4314 1624 4375 iulecuttdae
1660 4319 1783 4375 miraculi

148 4403 246 4467 πόθος,
262 4401 441 4457 τυνατέτικτε
453 4404 544 4457 πίστιν
559 4403 597 4473 τῷ
609 4403 733 4475 μέλλοντι
749 4402 936 4474 expono,
955 4406 1068 4481 „trojus
1089 4405 1222 4477 cogitandi
1246 4407 1417 4464 occasionem
1438 4418 1502 4463 ante
1525 4420 1730 4482 suggesserunt,
1755 4421 1783 4466 et
1885 4475 1888 4479 ,

148 4493 263 4564 ίμελλεν
282 4487 354 4564 αἷμα
372 4492 506 4564 σωτήριον
528 4494 682 4566 ἀνθρώποις
706 4491 880 4565 χαρίσασθαι,
894 4491 938 4546 ίνα
992 4495 1059 4550 Sara
1075 4506 1186 4554 senecta
1212 4508 1302 4566 aetate,
1320 4507 1348 4555 et
1373 4499 1453 4558 effeta
1470 4501 1552 4557 simul
1569 4517 1630 4558 cum
1652 4517 1701 4559 suo
1719 4517 1782 4573 par·

151 4583 319 4658 μὴτθξένον
335 4585 382 4638 τοῦ
401 4585 541 4657 θαύματος
553 4583 682 4651 ἀπιστίας
703 4585 831 4649 ὑπόθεσις
854 4583 936 4654 γένη·
993 4588 1114 4644 totidem
1132 4592 1273 4661 generarit
1299 4590 1390 4648 tuturo
1423 4590 1543 4662 Virginis
1572 4592 1672 4664 partui.
1692 4591 1780 4663 item,

184 4697 208 4729 ⁸⁹
227 4695 320 4751 llattlr.
337 4713 386 4764 sn,
403 4697 448 4765 59,
465 4696 510 4753 td.
548 4698 571 4731 ⁸⁰
590 4697 668 4754 loon.
684 4714 703 4764 ι,
717 4697 764 4754 29.

763 4856 816 4914 CL.
839 4859 1025 4927 causoden
1043 4861 1160 4918 NOTAE.

181 5019 238 5085 (bl)
252 5016 336 5070 Οὕτω
355 5015 404 5069 δεῖ
416 5015 470 5070 τόν
490 5017 557 5071 Υίόν
565 5017 618 5071 τοῦ
637 5014 795 5085 ἀνθρώπου
810 5016 935 5085 ποιῆσαι
991 5031 1085 5076 ctores
1101 5019 1287 5075 Loranieoses
1304 5021 1476 5077 considerate
1500 5021 1526 5076 in
1553 5036 1602 5077 sua
1628 5020 1777 5078 bibliorum

144 5087 229 5154 &rep
245 5086 353 5154 καρδίᾳ
371 5085 505 5154 τῆςηής.
522 5086 672 5141 bladium
689 5106 696 5140 :
717 5086 810 5150 θθτως
832 5086 937 5139 ίαταιό
990 5089 1109 5144 editione
1130 5100 1307 5158 reposuerunt
1325 5104 1341 5143 e
1363 5106 1413 5146 ms.
1433 5101 1568 5160 peccatum
1589 5106 1639 5160 pro
1659 5104 1778 5160 peccota.

146 5160 210 5220 Υἱός
224 5156 270 5210 τοῦ
288 5155 432 5227 ἀνθρώπου
447 5159 476 5210 ὲν
495 5159 529 5228 τῇ
543 5156 642 5227 καρδίᾳ
656 5158 705 5226 τῆς
719 5157 769 5225 γῆς
782 5157 855 5228 τρεῖς
870 5156 937 5226 ripi-
991 5157 1059 5211 Nam
1087 5158 1207 5228 plerique
1227 5159 1365 5229 ἁμαρτίας
1388 5161 1620 5230 nomineculpam
1646 5163 1778 5218 initialem

147 5245 208 5300 ρτς,
225 5229 273 5279 καί
290 5230 364 5295 τρεῖς
383 5224 494 5291 νύκτας,
509 5241 569 5296 quae
587 5234 721 5295 postrema
743 5226 867 5279 uidentur
884 5226 932 5280 ad·
986 5226 1148 5297 intelligunt.
1164 5229 1256 5296 ltaque
1271 5229 1336 5298 legit
1352 5231 1383 5283 l).
1395 5230 1515 5286 ruomas
1527 5231 1583 5296 ί-θ,
1599 5244 1627 5299 η.
1645 5231 1690 5300 82,
1705 5230 1778 5298 ase,

144 5298 264 5370 jicienda
277 5297 303 5348 in
325 5305 426 5349 testum
444 5296 546 5350 Basilii.
986 5295 1009 5367 §.
1026 5296 1078 5350 Sed
1093 5308 1204 5351 contra:
1221 5296 1343 5367 Ecceqm'
1356 5300 1424 5354 tollit
1436 5312 1572 5371 peccatum
1587 5303 1691 5366 utendi,
1708 5304 1778 5373 quod
1820 5316 1822 5321 '

181 5368 240 5438 (δέ)
265 5365 557 5433 Προκαταδὰλόετοι.
584 5362 762 5420 Fundmttenti
784 5362 843 5419 loco
870 5372 934 5419 ante
986 5365 1280 5436 riupulnriter,inquit,
1296 5370 1416 5424 dicitur:
1438 5372 1500 5440 quin
1518 5383 1655 5440 peccatum
1672 5375 1776 5439 muudi,

141 5441 253 5495 statuit.
271 5435 329 5490 lox
349 5450 437 5504 graeca
450 5446 492 5490 est
508 5435 714 5502 elltcacissima,
731 5434 764 5489 dc
777 5449 829 5498 ouo
843 5435 887 5489 adi
899 5435 932 5489 ad
986 5434 1056 5503 qnod
1078 5447 1114 5489 eat
1131 5447 1265 5502 peceatum
1288 5440 1426 5512 oripinnle,
1452 5452 1488 5497 cst
1514 5458 1606 5512 mrem,
1627 5451 1655 5496 st
1682 5444 1777 5499 ibidem

143 5507 323 5566 lletebiorem
335 5507 451 5567 utnon,
475 5506 522 5559 lib.
539 5520 556 5559 ιι
578 5508 615 5557 lle
628 5506 704 5558 locis.
988 5506 1084 5565 Glosso
1099 5508 1216 5577 exponit.
1490 5516 1495 5526 ’

176 5578 236 5652 (55)
257 5575 290 5630 ’0
305 5574 397 5645 αίρων
420 5574 478 5645 τὴν
495 5575 639 5646 ἁμαρτίαν
662 5574 714 5630 τοῦ
735 5576 860 5646 κόσμου.
870 5579 873 5584 ’
883 5573 934 5632 ilo·
1356 5625 1361 5633 .

1267 5694 1270 5699 .
1304 5668 1316 5702 b
