3817 6075
605 161 676 230 lidi
1083 155 1265 220 biOiil‘l'Uii
1287 154 1327 214 tn
1350 153 1577 225 abnuentes
1597 150 1841 214 ttobltttAS.

606 274 681 349 qnod
706 274 779 330 dotti
794 276 845 331 riri
859 275 899 345 lb)
914 274 1098 331 communiter
1111 280 1174 344 post
1186 270 1307 326 Leonem
1323 269 1453 323 titatium
1464 268 1504 339 (4)
1518 269 1698 325 existimant
1718 266 1806 321 nanc
1825 259 1907 318 born·

607 373 652 419 tro
670 376 734 421 asse
749 362 941 430 tribuendam;
961 372 989 418 et
1004 361 1085 431 longe
1108 359 1250 428 antiquior
1266 358 1346 412 testis
1363 354 1474 412 Nicetes
1487 357 1530 412 bie
1546 358 1675 424 accedit,
1699 366 1836 411 seersum
1856 351 1877 406 il
1896 374 1900 396 ι

611 452 724 508 nemine
739 450 876 520 Antipatri
890 450 1073 521 fragmentum
1095 448 1232 519 quoddam
1246 444 1328 515 liujus
1344 444 1466 500 bontiliae
1478 444 1559 500 allert
1573 447 1601 500 in
1621 460 1679 501 sua
1704 443 1767 499 SS.
1793 440 1904 495 Patru

612 549 730 602 eatena,
761 554 843 610 qulam
867 538 964 595 Graece
985 536 1124 609 evulgavit
1151 534 1388 590 eminentissimus
1408 534 1557 589 cardinalia
1582 533 1722 605 Angelus
1750 530 1816 585 ilai
1855 528 1886 582 in

615 623 691 682 Nora
705 625 874 682 collectione
885 625 937 695 (5).
953 624 1034 695 Spem
1053 634 1177 679 trostrnm
1190 636 1243 676 riun
1261 619 1357 676 leleliit
1374 629 1505 688 erentus;
1521 637 1594 687 nant,
1608 620 1715 677 divino
1741 618 1906 674 larentea

614 713 666 768 luit
677 714 776 785 duplex
792 713 880 770 Greci
895 723 987 767 textus
998 712 1097 779 codex,
1113 721 1141 767 et
1155 719 1272 780 uterque
1285 710 1398 764 maximi
1412 711 1513 781 pretii:
1527 710 1597 766 alter
1608 724 1719 779 nempe
1734 708 1909 763 Vaticana

615 801 783 872 iit-*criptum
798 800 868 856 aiter
883 799 1062 865 barberinus,
1081 798 1132 855 snb
1147 789 1180 851 'nr
1195 796 1248 853 tsa
1261 797 1322 853 cod.
1344 796 1434 854 Gracc.
1453 798 1499 869 qui
1513 797 1577 853 olim
1593 799 1627 853 ad
1641 796 1895 853 illustrixsiuauru

618 889 750 952 tinuerat,
765 888 805 943 sin
817 903 899 943 marm
913 888 972 959 ejrrs
988 897 1131 952 exaratus,
1147 886 1243 942 saitem
1258 901 1291 942 eu
1310 885 1421 953 iubente
1433 896 1461 942 et
1474 886 1610 956 dirigente
1626 886 1785 942 rerlactus.

656 975 785 1031 Attamen
801 984 891 1029 utrum
907 975 1012 1045 integer
1029 985 1120 1030 textus
1134 974 1229 1031 orare
1249 984 1324 1029 esset
1341 975 1475 1041 edemlus,
1495 975 1591 1030 incerti
1612 976 1813 1046 ambignique
1831 973 1909 1029 laaer

623 1062 706 1116 tinnis
722 1062 821 1132 duplex
835 1063 930 1117 aderat
942 1078 1037 1120 causa.
1051 1060 1089 1115 Er
1105 1078 1159 1116 urna
1172 1071 1258 1130 parte,
1276 1063 1303 1116 in
1319 1062 1372 1119 bac
1386 1061 1498 1117 bomilia
1513 1062 1606 1118 multae
1618 1073 1704 1118 erant
1720 1062 1891 1119 sententiar

625 1148 774 1213 tilissimae3
790 1158 818 1203 et
834 1149 932 1204 exinde
956 1149 1044 1204 nostri
1061 1146 1277 1204 eratbeetornm
1300 1149 1388 1204 ocnlia
1402 1164 1455 1205 iton
1478 1150 1565 1206 solum
1586 1152 1749 1206 sententiae
1768 1148 1906 1205 auctori

622 1246 739 1303 textum,
759 1251 841 1307 quem
861 1238 942 1293 aliter
959 1239 1102 1295 consulere
1123 1253 1177 1295 non
1197 1239 1362 1309 potuissent,
1377 1247 1405 1294 et
1424 1239 1524 1296 exinde
1539 1238 1680 1294 homiliam
1699 1239 1857 1310 integram
1888 1262 1890 1284 :

623 1339 688 1389 pars
707 1324 824 1380 bomiliae
842 1324 900 1381 lere
915 1326 1026 1381 dimidia
1042 1313 1117 1381 ium
1130 1326 1215 1383 lrabet
1229 1334 1430 1398 argumentum,
1444 1336 1523 1398 pront
1542 1341 1576 1381 ex
1590 1326 1668 1381 titulo
1683 1326 1789 1382 ridere
1802 1334 1866 1391 est,
1882 1339 1901 1395 q

621 1409 707 1481 ἅγιον
731 1410 878 1479 Ἰωάννην
892 1413 947 1468 τὸν
962 1416 1140 1484 Baarrorigr
1165 1416 1214 1470 nul
1232 1417 1275 1482 ele
1291 1416 1348 1483 τὴν
1364 1414 1458 1485 σιγὴν
1472 1416 1632 1483 Ζαχαρίου,
1658 1416 1709 1469 aul
1726 1416 1775 1482 εὶς
1800 1414 1864 1468 τὸν
1885 1437 1909 1458 ιι

622 1499 781 1555 Θεοτόκου.
799 1498 833 1555 ia
848 1498 878 1558 S.
892 1498 1025 1557 ioannem
1046 1502 1195 1574 baptistam
1212 1512 1236 1559 et
1253 1504 1280 1557 in
1291 1503 1426 1558 ailentimn
1438 1500 1589 1568 Zachariae,
1608 1512 1632 1556 et
1646 1502 1674 1556 in
1687 1502 1905 1557 animationem

624 1587 710 1656 igitur
731 1588 867 1659 integram
892 1590 1038 1645 ederemus
1057 1591 1210 1655 lintriilinm,
1228 1591 1313 1645 lector
1329 1593 1375 1659 nui
1392 1591 1480 1661 primo
1498 1590 1594 1644 intuitu
1612 1605 1669 1645 rem
1689 1590 1900 1645 animadverte

625 1691 679 1729 nnn
695 1677 872 1744 pertinebant
889 1679 1038 1736 miscuisse
1053 1680 1245 1749 exprobraret·
1259 1681 1392 1745 Tandem,
1405 1677 1533 1736 omnibus
1546 1678 1599 1732 rite
1612 1678 1768 1746 perpensis,
1786 1691 1828 1732 ne
1848 1677 1901 1733 bu

623 1758 694 1829 pieta
708 1763 849 1827 eraderet,
864 1769 937 1835 grand
953 1775 1029 1821 certe
1047 1768 1128 1837 plane
1145 1766 1314 1836 displiceret,
1335 1769 1357 1822 si
1376 1776 1480 1820 tamum
1496 1775 1600 1835 partem
1612 1778 1673 1833 qua
1685 1764 1720 1818 ad
1740 1766 1903 1835 Deiparam

624 1862 726 1907 remna.
746 1857 851 1904 textum
869 1852 1007 1922 integrum
1022 1854 1203 1921 exbibeutus3
1229 1868 1317 1922 enque
1338 1852 1426 1924 inagis
1440 1866 1494 1923 quo
1516 1853 1596 1907 aliter
1615 1852 1654 1908 sic
1669 1860 1800 1907 truncata
1818 1853 1904 1908 breri

624 1936 757 2006 Antipatri
773 1938 896 1999 bomilia.

659 2040 774 2113 insuper
796 2046 866 2100 liarrd
889 2046 986 2104 inutile
1007 2056 1069 2104 erat
1088 2048 1115 2103 in
1134 2048 1223 2104 lucem
1238 2048 1360 2120 prolerre
1378 2060 1439 2118 aare
1455 2044 1489 2100 ad
1512 2053 1635 2099 sanctum
1648 2043 1781 2100 ioannem
1798 2053 1831 2099 et
1859 2043 1898 2100 ad

623 2127 689 2184 Nam
705 2130 871 2191 Lautrentlus
886 2133 997 2202 Suriae,
1014 2137 1142 2207 quamtis
1167 2136 1247 2191 lande
1263 2135 1361 2205 dignus
1382 2146 1411 2190 et
1423 2151 1438 2190 a
1451 2135 1529 2188 nobis
1545 2135 1612 2189 bene
1630 2136 1744 2188 meritus
1763 2133 1815 2198 sit,
1845 2133 1906 2189 nrul

622 2216 809 2275 beneexarata
823 2230 850 2276 ct
861 2236 921 2292 qrtae
933 2237 987 2278 nun
1002 2223 1070 2278 satis
1083 2224 1206 2278 bumana
1219 2233 1329 2278 caverat
1344 2231 1441 2279 natura
1453 2223 1562 2293 reliquit
1575 2238 1583 2288 ;
1599 2222 1637 2277 ita
1649 2233 1677 2274 ut
1688 2221 1714 2275 iu
1730 2220 1798 2276 locis
1816 2237 1878 2276 non
1902 2244 1906 2268 ι

623 2304 719 2363 Graecu
745 2306 871 2364 Latinam
900 2310 1046 2366 lectionem
1081 2311 1248 2378 contulerit,
1275 2327 1328 2367 riou
1356 2312 1444 2368 sulum
1477 2310 1599 2364 auctoris
1623 2324 1759 2371 acnrnen,
1788 2308 1842 2364 sed
1868 2311 1907 2364 eti

624 2389 714 2461 ipsum
728 2395 798 2450 nrale
812 2396 928 2466 exprimi
942 2396 1142 2466 deprehendet.
1158 2398 1335 2468 erapropter
1347 2412 1406 2453 eam
1419 2400 1571 2454 tersionem
1582 2396 1668 2467 polire
1684 2407 1731 2451 aut
1741 2397 1837 2466 potius
1855 2403 1903 2453 rel

656 2479 685 2536 ln
705 2480 756 2538 bae
778 2494 874 2539 nostra
898 2486 1011 2541 bonnlia
1041 2501 1131 2557 neque
1146 2486 1191 2542 uni
1219 2484 1350 2542 Vaticano
1372 2502 1461 2557 neque
1490 2485 1536 2542 nni
1564 2484 1715 2541 barberino
1734 2485 1851 2541 omniun
1878 2501 1909 2540 a·

624 2566 699 2624 inter
710 2583 741 2625 se
755 2570 926 2628 dissidebant
944 2575 1065 2638 codices,
1087 2574 1164 2629 illum
1179 2573 1348 2646 praetulimus
1361 2588 1483 2640 sensum,
1498 2574 1542 2643 nni
1566 2572 1651 2643 tnagis
1673 2582 1885 2629 consentaneus

623 2669 684 2711 eam
699 2666 789 2713 tamen
817 2661 989 2716 remittentes
1005 2663 1096 2718 varias
1113 2662 1243 2718 lectiones
1251 2677 1284 2718 ex
1299 2661 1397 2733 nuribus
1411 2677 1465 2716 nno
1478 2661 1577 2718 intuitu
1594 2660 1729 2715 ridebitur
1744 2659 1843 2730 inquo
1859 2675 1896 2715 co

624 2746 817 2818 manuscripti.
834 2746 947 2819 lumper
963 2749 1105 2807 versiones
1126 2751 1258 2821 quasdam
1274 2749 1428 2805 addidimus
1439 2765 1473 2805 ex
1496 2747 1634 2818 Antipatri
1655 2746 1830 2818 Fragmentis
1849 2763 1867 2803 a

624 2845 729 2904 relatis.

660 2932 738 2991 Nunc
762 2936 852 2994 dicere
870 2948 996 3009 superest
1012 2941 1046 2997 de
1072 2944 1257 2998 controversia
1272 2943 1306 2999 ab
1323 2943 1429 3000 Oudino
1451 2945 1582 3010 excitata,
1604 2945 1649 3017 qui
1664 2943 1853 3014 posteriorem
1878 2960 1896 3001 e

624 3022 764 3084 Bostrensi
778 3030 929 3096 diversum,
942 3032 988 3088 cui
1005 3034 1132 3091 bonnlias
1146 3036 1286 3105 dennilms
1313 3036 1356 3092 bic
1373 3039 1463 3106 agitur
1488 3034 1609 3091 ascribit.
1630 3032 1743 3090 Ubinam
1754 3046 1822 3101 ergo
1841 3030 1909 3086 inu

625 3113 681 3167 «liat
694 3116 760 3182 quiin
776 3120 860 3171 reteri
876 3119 1023 3194 dtrtipatro
1038 3122 1193 3175 trilmantnr
1216 3122 1257 3176 lim
1279 3123 1414 3178 ltomlliaei
1429 3120 1505 3176 illum
1518 3123 1671 3191 innitentem
1687 3119 1834 3174 audiamus
1850 3118 1903 3174 :F

630 3198 749 3273 Virginis
764 3213 789 3257 et
813 3218 968 3259 sanctornm
984 3207 1085 3277 agnatio
1106 3211 1223 3263 ternario
1239 3210 1368 3275 Nicone,
1384 3226 1443 3282 guae
1461 3226 1532 3265 anno
1548 3209 1601 3264 tsi
1617 3209 1746 3264 celebrato
1764 3217 1822 3274 eat,
1843 3221 1908 3277 port

625 3296 670 3343 latr
687 3289 861 3345 bortriliarom
879 3293 999 3348 collectio
1016 3296 1145 3364 posterior
1166 3307 1204 3350 eat
1222 3301 1398 3353 controuersia
1421 3299 1454 3352 tle
1473 3298 1547 3353 cuitu
1567 3299 1714 3368 irnnginam
1737 3314 1769 3350 ae
1790 3308 1892 3352 anneto

624 3373 720 3430 beonia
740 3376 831 3431 lauari
846 3394 916 3433 enno
932 3379 985 3435 tlt
1002 3382 1109 3451 incepit,
1125 3393 1204 3453 ntqrre
1219 3386 1253 3438 nd
1270 3387 1408 3450 imperinm
1424 3385 1562 3457 Tireopltili
1576 3398 1599 3442 et
1615 3401 1714 3441 annam
1733 3385 1787 3439 8l2
1801 3390 1893 3449 perdat

624 3471 663 3516 tut
679 3462 797 3518 iontiiioe
811 3465 839 3518 in
855 3462 1093 3523 presentationem
1106 3473 1189 3526 bento
1211 3470 1324 3544 Virginis
1342 3475 1369 3528 in
1387 3476 1484 3543 templo
1499 3486 1523 3530 et
1542 3476 1651 3528 lorrailia
1667 3477 1693 3526 in
1720 3474 1901 3541 rixanmption

625 3559 667 3604 ter
682 3551 751 3607 enim
767 3563 919 3607 tunctorum
934 3573 966 3611 uc
979 3557 1062 3613 benite·
1087 3558 1215 3629 Virginis,
1234 3562 1365 3617 irtuocutio
1380 3563 1496 3622 illormn,
1512 3564 1643 3617 institutio
1659 3563 1785 3628 [extorum
1802 3567 1830 3617 in
1847 3584 1900 3620 eor

626 3639 741 3694 Nicnna
766 3644 883 3696 secando
907 3645 1012 3713 agrando
1030 3647 1110 3715 grinele
1133 3651 1291 3705 recentiores
1317 3661 1389 3706 erint.
1420 3651 1466 3706 Sic
1490 3653 1571 3706 lntltet
1589 3651 1720 3705 Omlinus.
1751 3650 1906 3710 Faterrrlnn

625 3739 679 3783 tam
695 3730 816 3786 nelarlas
830 3731 938 3788 tueamini
951 3749 966 3787 a
983 3750 1056 3789 caecn
1074 3737 1167 3792 lurore
1180 3749 1275 3794 cotnra
1287 3740 1450 3796 catholicam
1461 3738 1609 3794 Ecclesiam
1620 3740 1701 3807 irtrple
1714 3739 1884 3799 lasciviente
1908 3782 1909 3793 ,

624 3813 765 3874 ltnntensae
779 3821 912 3875 caecitatis
925 3831 1000 3877 esset
1013 3824 1059 3892 niti
1076 3838 1128 3879 nnn
1146 3828 1260 3881 seritiret
1272 3829 1485 3884 cntttmrersiarn
1499 3828 1532 3880 de
1548 3827 1620 3880 enlm
1638 3839 1795 3882 sanctornm
1813 3840 1843 3884 et
1862 3832 1904 3887 im

622 3907 706 3976 quoti,
724 3919 856 3978 regnante
879 3907 971 3964 Leonte
995 3909 1100 3975 lsanro,
1126 3927 1212 3967 nnrns
1240 3914 1328 3968 crrltus
1351 3916 1520 3971 introductus
1551 3913 1649 3980 interit,
1674 3917 1756 3969 selle
1783 3928 1888 3974 eerraira

625 3993 736 4049 isaurus
760 3995 860 4051 beilum
884 3997 1007 4053 intulerit
1029 3997 1115 4052 cultui
1132 3998 1189 4068 jam
1207 4011 1316 4070 recepto
1338 4012 1366 4056 et
1390 4003 1515 4072 pleribus
1537 4014 1611 4056 retro
1631 4001 1738 4056 secutis
1755 4005 1891 4074 aritiqnio

622 4095 676 4134 nun
693 4091 764 4137 esset
779 4083 825 4153 qui
842 4086 877 4139 ob
893 4085 963 4139 italic
980 4084 1116 4139 rationem
1129 4094 1239 4151 negaret
1257 4087 1297 4143 sei
1313 4089 1460 4152 dubitaret,
1477 4100 1539 4144 ante
1553 4089 1696 4160 septimam
1711 4092 1848 4160 synodum
1868 4096 1902 4151 lr

620 4168 695 4222 cultu
711 4181 868 4226 sanctorum
888 4172 931 4227 vel
950 4173 1036 4228 beatae
1050 4172 1179 4242 Virginis.
1198 4175 1282 4245 igitur
1298 4175 1396 4231 Oudini
1415 4177 1497 4233 rerba
1517 4192 1571 4232 non
1590 4177 1740 4245 impediunt
1760 4180 1828 4246 qniu
1846 4181 1909 4237 Bu

622 4253 776 4313 tribuantur
793 4260 913 4315 lroruiliae
929 4262 961 4314 de
980 4259 1081 4329 nuribus
1097 4275 1188 4314 serino
1202 4263 1280 4317 ritrltis
1295 4275 1346 4321 est.

655 4346 708 4403 Sed
724 4349 788 4406 licet
803 4355 925 4408 rationes
938 4368 952 4406 a
971 4352 1108 4408 Casintiro
1123 4352 1230 4410 Oudinu
1243 4358 1343 4424 allatae,
1361 4361 1435 4415 omni
1452 4360 1629 4418 fundamento
1643 4363 1793 4428 destituta,
1813 4370 1907 4434 perab

619 4429 682 4486 ditae
695 4435 731 4488 ab
745 4438 873 4494 omnibus
887 4439 1004 4494 ornditis
1024 4440 1188 4505 habeantur,
1203 4442 1343 4500 latendum
1360 4456 1451 4504 tamen
1471 4460 1525 4510 est.
1540 4469 1572 4508 cx
1588 4453 1639 4509 bae
1653 4458 1815 4514 nuestione.
1844 4463 1868 4513 si
1886 4477 1901 4513 s
