3817 6075
1717 280 1768 346 tot

146 291 197 358 103
738 278 877 339 uastati
896 277 1166 342 sutuncteusts

143 406 281 453 certamen
297 393 441 465 expeditos
457 390 529 447 lilius
544 403 644 446 torono
661 388 759 456 dignus
774 404 787 440 a
803 400 929 457 precone
943 387 968 445 Α
984 387 1149 458 στεφανίτης
1163 386 1404 457 ἁνακηρύττηται·
1433 386 1561 440 κοινωνίν
1584 387 1614 441 δέ
1632 387 1702 461 λα’θη
1717 392 1768 462 της

142 489 342 559 pronuntietur,
353 498 580 553 communemque
593 481 713 535 victorie
725 481 829 534 sociant
842 480 929 532 llennt
982 479 1061 548 νίκης
1075 479 1140 531 Θεὸν
1151 480 1197 532 τόν
1212 480 1258 531 ἐπί
1269 479 1374 540 τούτοις
1390 478 1470 531 αὐτόν
1482 472 1672 549 ἐκλεξάμενον.
1689 483 1770 537 Ποίαν

142 581 243 648 capiat,
257 594 271 633 u
285 593 339 647 quo
350 590 494 647 propterea
509 578 545 629 sit
556 576 670 629 electus.
684 573 770 639 Quale
780 574 864 643 igitar
879 571 928 642 ipsi
981 569 1028 627 οὖν
1038 572 1113 643 αὐτῷ
1125 573 1233 641 πρῶτον
1243 574 1271 625 έν
1285 572 1437 644 παλαίστρᾳ
1449 573 1583 639 προτείνει
1599 574 1768 642 repleam

142 674 260 740 prirnnm
281 670 406 740 proponit
427 670 453 722 in
479 668 605 737 palaestra
622 675 761 719 certamen
775 678 781 715 :
800 663 930 733 Eqredere
983 667 1105 730 Ἔξελθε
1119 666 1154 718 ὲκ
1169 663 1223 733 τῆς
1239 665 1295 735 γῆς
1311 683 1379 725 σου,
1392 657 1449 717 ’καὶ
1464 666 1497 718 ὲκ
1515 664 1570 731 τῆς
1583 668 1765 734 συγγενείας

142 766 175 817 de
190 773 272 825 torro,
290 773 313 815 et
333 764 366 814 tle
389 762 545 829 aequatione
563 768 619 824 tna,
643 757 680 811 rel
699 762 731 809 de
752 758 828 810 domo
847 755 929 823 putria
981 774 1039 810 σου
1052 757 1108 825 (ll)
1125 758 1172 811 καί
1183 756 1271 824 δεῦρο
1282 761 1325 823 είς
1339 756 1395 823 altr
1409 756 1477 826 γῆν,
1497 756 1536 823 ίγν
1551 758 1589 809 dr
1604 772 1653 810 σοι
1667 757 1766 822 δείξω.

142 856 181 906 tut'
195 871 205 917 ;
220 865 243 906 et
262 855 318 908 oeni
336 854 365 905 itt
381 862 490 913 terrum,
514 865 594 919 quum
619 858 799 902 ntontttuuero
823 847 869 899 tini
893 845 928 900 ¹¹.
980 851 1086 919 Γυμυός
1102 867 1148 920 μοι
1160 851 1261 919 φάνηθι
1278 850 1332 902 τῶν
1347 848 1455 902 οιχςίωυ
1471 849 1589 917 δεσμῶν,
1606 850 1768 917 συγγενείας

142 943 330 997 Fatttiliariutn
346 940 462 995 rittcnlis
480 950 622 1007 exetttptus
648 939 713 993 edes
735 938 811 1000 milti,
827 952 929 1007 cogna-

142 1036 229 1090 tiones
244 1036 387 1102 abratnpe,
402 1049 416 1085 a
435 1032 526 1087 nativo
540 1032 599 1086 solo
617 1031 725 1094 secede,
739 1029 836 1085 secede
852 1044 928 1098 apa-

142 1134 183 1180 rte
210 1135 237 1178 et
255 1126 355 1193 patria,
389 1123 468 1177 uince
494 1131 598 1176 natura·
622 1121 694 1176 vires
721 1135 753 1175 ae
769 1120 928 1185 retinacula,

141 1217 204 1268 dum
225 1216 260 1268 ad
287 1214 416 1267 uirtutem
435 1212 595 1267 exerceris:
624 1208 657 1263 lt't
682 1210 740 1265 anti
762 1210 790 1263 ίιι
818 1220 926 1272 terram,

140 1324 219 1377 qnam
232 1316 412 1362 ntottrtrttoero
435 1305 493 1359 titt.
519 1302 620 1359 Locttm
640 1303 773 1365 occultat,
792 1313 820 1358 ot
843 1303 927 1357 dttitni

140 1398 326 1452 constantiam
353 1407 500 1463 exerceat;
531 1405 630 1451 ntetern
660 1397 741 1461 celat,
764 1404 793 1449 nt
817 1410 927 1449 curstnn

968 940 1146 1013 dtrdfidqfion·
1158 943 1219 1011 γῆς,
1229 943 1272 1008 ἐφ’
1285 936 1341 1013 [ἧς]
1356 940 1478 1010 ὲτέχθης,
1495 940 1647 1009 ἀπόστηθι·
1663 941 1765 1012 πατρὸς

980 1036 1028 1088 καί
1044 1034 1174 1103 πατρίδος
1198 1034 1342 1101 ἀφίστασο.
1365 1032 1486 1100 Νίκηαον
1510 1031 1633 1100 ἄγκυραν
1659 1033 1767 1099 φύσεως

981 1127 1049 1197 πρὸς
1063 1126 1162 1196 ἀρετὴν
1173 1125 1390 1193 γυμναζόμενος,
1403 1123 1453 1175 καί
1472 1121 1559 1189 δεῦρο
1571 1124 1616 1187 είς
1633 1122 1690 1189 τὴν
1709 1122 1768 1191 γῆν

980 1217 1021 1285 ἦν
1035 1216 1074 1270 ἄν
1090 1232 1140 1270 σοι
1158 1215 1256 1279 δείξω.
1278 1213 1401 1284 Ιίρύπτει
1416 1213 1459 1265 τόν
1474 1214 1568 1278 τόπον,
1580 1214 1623 1266 ίνα
1638 1213 1767 1283 γυμνάτη

978 1309 1025 1363 τὸν
1048 1309 1135 1362 τόνον.
1163 1304 1304 1361 Καλύπτει
1329 1304 1359 1357 τό
1384 1306 1485 1374 πέρας,
1511 1305 1555 1358 ίνα
1574 1304 1699 1375 συντείνῃ
1722 1303 1767 1355 τὶν

979 1401 1088 1472 δρρμον.
1109 1398 1241 1470 ’Δρπάζει
1255 1398 1304 1469 τὴν
1316 1396 1426 1464 γνῶσιν,
1439 1397 1483 1449 ίνα
1497 1395 1566 1468 πρός
1578 1396 1660 1448 πόθον
1671 1395 1766 1466 ἐγείρῃ

140 1492 308 1553 contendat;
323 1489 505 1557 cognitionem
522 1487 629 1550 adimit,
647 1495 677 1540 nt
696 1488 730 1540 ad
755 1486 814 1556 ejus
826 1480 929 1541 deside·
979 1491 1024 1545 τόν
1038 1494 1066 1544 ευ
1080 1494 1113 1561 τῇ
1128 1492 1163 1560 γῇ
1176 1490 1285 1561 δρόμου.
1308 1488 1353 1554 Ἐξ
1364 1486 1479 1558 οὐρανοῦ
1493 1487 1570 1557 δέχου
1585 1486 1615 1538 τὸ
1630 1484 1764 1555 σύνθημα.

140 1582 212 1637 rium
235 1582 383 1634 exsuscitet
399 1587 555 1647 susceptura
572 1578 600 1631 in
617 1589 688 1642 terra
704 1592 825 1632 cursant.
847 1576 927 1632 Deui—
979 1585 1036 1638 οὐκ
1053 1578 1086 1654 ἦν
1108 1582 1233 1663 ’λθρααμ
1249 1579 1302 1635 τῶν
1317 1579 1397 1632 θείων
1410 1578 1628 1647 προσταγμάτων
1650 1577 1766 1647 uppem.

144 1688 198 1742 que
212 1674 245 1726 dc
258 1671 328 1725 ereio
342 1677 473 1724 tesseram
489 1683 566 1739 cepe.
582 1668 675 1736 Neque
692 1669 743 1723 lnit
755 1669 928 1737 exsequendo
981 1693 1044 1747 ρος,
1061 1674 1129 1729 ἀλλὰ
1144 1673 1285 1742 συντρέχει
1306 1673 1355 1724 συν
1368 1668 1508 1740 προθυμίᾳ
1525 1672 1589 1732 τοῖς
1602 1668 1632 1735 ἐξ
1651 1666 1767 1739 οὐρανοῦ

140 1764 249 1832 συμπίοι
264 1764 459 1829 Autumnus,
484 1777 567 1832 quam
586 1762 745 1831 imperando
766 1760 857 1815 licus:
879 1760 928 1815 sed

139 1856 263 1910 eoelestia
279 1855 406 1923 imperia,
416 1864 445 1907 nt
458 1854 532 1918 data,
545 1867 606 1907 eunt
620 1853 762 1907 alacritate
772 1852 928 1920 capessivit.

141 1945 180 2000 lta
195 1947 352 2000 diuitiarum
367 1946 413 2000 dat
426 1945 634 2008 abundantiam,
651 1958 702 1999 nee
716 1943 928 2008 lateredemda13

139 2037 196 2108 ³9
212 2037 259 2091 sed
276 2052 324 2105 spe
338 2051 500 2105 suspensura
518 2045 603 2099 tenet,
617 2036 679 2091 dant
694 2035 774 2090 tidem
797 2034 928 2103 exploret.

139 2126 378 2183 circumlinebant
397 2128 479 2196 igitur
501 2127 682 2196 undequaque
698 2141 763 2196 opes
794 2126 928 2195 ingentes,

139 2220 186 2273 sed
204 2218 293 2287 inopia
308 2229 412 2271 naturae
432 2228 541 2287 parturn
558 2218 684 2287 negabat,
701 2226 729 2273 et
752 2217 828 2272 Surae
849 2216 930 2271 sterl-

140 2309 202 2362 litas
219 2310 373 2362 «initiarunt
388 2317 525 2363 tantarum
542 2309 630 2363 lrnctu
655 2308 825 2378 prohibebat.
847 2306 927 2363 Flue-

139 2400 205 2454 ltant
217 2409 348 2468 tempora,
364 2409 391 2453 et
409 2400 496 2454 haeres
521 2414 574 2453 non
601 2409 678 2465 erat;
697 2399 798 2452 divitiae
820 2411 928 2452 cresce·

139 2490 215 2555 bant,
230 2506 280 2544 nec
294 2505 436 2560 successor
460 2490 641 2559 spermatum
665 2490 771 2544 senium
797 2500 928 2558 appetens

138 2580 286 2637 liberorum
302 2597 364 2652 spes
382 2582 523 2637 accidebat
534 2599 541 2649 ;
553 2598 633 2650 qnam
648 2581 732 2651 prolis
746 2582 928 2652 exspectatio·

981 1766 1192 1837 παραγγέλμασι
1205 1764 1272 1834 (θέτ’).
1295 1761 1379 1816 Πάλιν
1401 1760 1559 1830 περικλύζει
1579 1758 1616 1829 τῷ
1633 1758 1766 1827 πλούτῳ,

980 1947 1096 2008 έλπίσιν,
1112 1947 1156 1999 ἵνα
1172 1945 1305 2016 βασανίσῃ
1322 1944 1372 2015 τὴν
1385 1942 1486 1995 πίστιν.
1503 1941 1646 2012 Περιέρρει
1662 1934 1768 2009 μὲνοῦν

981 2038 1150 2108 πανταχόθεν
1170 2040 1224 2090 τῶν
1242 2036 1391 2106 χρημάτων
1405 2037 1419 2088 ό
1436 2032 1559 2095 πλοῦτος·
1576 2031 1657 2084 πενία
1674 2030 1703 2082 δέ
1716 2029 1768 2099 φύ·

981 2147 1051 2193 αεως
1063 2127 1109 2182 τὸν
1126 2129 1205 2181 τόκον
1224 2129 1344 2199 ἠρνεῖτο.
1361 2126 1477 2194 Καίτής
1496 2125 1604 2195 Σάρρας
1618 2122 1649 2175 τὸ
1670 2123 1767 2190 ἄγονον

979 2220 1095 2290 ἐσύλησε
1110 2221 1160 2287 τὴν
1173 2220 1221 2289 τῆς
1236 2217 1394 2289 περιουσίας
1409 2215 1567 2278 ἀπόλαυσιν·
1586 2212 1634 2265 καί
1646 2213 1660 2264 ό
1672 2212 1768 2281 χρόνος

979 2312 1074 2383 ἔρρει,
1094 2313 1169 2365 καὶὸ
1187 2310 1353 2381 κληρονόμος
1367 2310 1417 2361 οὐκ
1440 2303 1483 2377 ἢν·
1507 2307 1521 2359 ό
1540 2304 1656 2365 πλοῦτος
1679 2300 1767 2369 ηὐξά-

979 2422 1058 2467 νετο,
1077 2406 1123 2458 καί
1147 2404 1267 2473 διάδοχος
1284 2403 1334 2455 οὐκ
1350 2398 1490 2469 ἠλπίζετο.
1517 2399 1607 2467 Γῆρας
1622 2396 1699 2449 ἐπιόν
1716 2392 1767 2457 τὰς

979 2498 1029 2569 τῆς
1043 2495 1215 2558 παιδοποιίας
1228 2495 1339 2555 ἐλπίδας
1357 2491 1473 2563 ἐθέριζε·
1493 2490 1578 2553 πάθος
1596 2486 1767 2559 στειρὼσεως

979 2588 1026 2643 τοῦ
1041 2591 1121 2642 τόκου
1140 2588 1189 2659 τὴν
1211 2586 1374 2658 προσδοκίαν
1394 2586 1541 2655 έμίρανεν,
1556 2581 1612 2636 ἀλλ’
1634 2582 1650 2652 ἡ
1673 2580 1766 2642 πίστις

138 2687 199 2727 nean
216 2674 368 2727 sterilitatis
393 2674 494 2727 malunt
515 2674 706 2737 exstinxerat,
720 2688 779 2727 earn
804 2672 869 2729 [ides
887 2675 928 2729 in·
980 2681 1099 2745 ίνέαζεν.
1112 2678 1280 2731 4’ίέττελοίθετο
1294 2676 1340 2730 τοῦ
1357 2677 1484 2743 πάθουςη
1500 2676 1602 2743 στεῖρα,
1616 2668 1767 2723 ἐπελάθετο

138 2763 265 2815 uetabat.
286 2761 394 2815 Sterilis
418 2763 495 2815 uenit
510 2763 535 2815 in
549 2761 712 2816 oblationem
726 2777 781 2816 sote
794 2764 928 2818 conditio·
978 2772 1026 2825 τοῦ
1038 2774 1131 2841 γήρως
1147 2774 1163 2841 ἡ
1180 2775 1271 2839 φύσις.
1288 2772 1348 2832 ταῖς
1361 2768 1451 2821 ἐλπίσι
1474 2765 1618 2830 νῑᾶζθθῦα·
1634 2761 1691 2833 ῑῖλε
1711 2761 1766 2833 πρὸ

138 2848 201 2913 nls3
217 2857 315 2901 natura
331 2849 396 2901 duttt
415 2863 464 2916 spe
480 2860 638 2916 renovator,
656 2861 772 2905 senectae
786 2854 926 2908 oblivisci·
977 2862 1026 2915 τοῦ
1042 2862 1137 2925 παιδίος
1149 2863 1196 2914 τίν
1209 2861 1301 2923 παῖδα,
1318 2859 1408 2913 λαθὼν
1421 2858 1470 2928 τὴν
1485 2857 1640 2924 ὑπόσχεσιν·
1653 2855 1700 2907 καί
1713 2853 1768 2921 πρέ

139 2946 204 2993 tur:
223 2946 335 3005 accepta
355 2940 538 3007 prontissiooe
563 2939 659 2993 ltabnit
684 2940 768 2993 illium
794 2950 858 2995 ante
878 2943 925 2996 lilii
978 2956 1028 3024 vlt<
1052 2954 1169 3023 γαστρός
1193 2955 1208 3006 θ
1237 2952 1331 3007 Ἰσαὰκ
1354 2952 1406 3005 ὑπό
1429 2952 1479 3019 τῆς
1502 2949 1609 3009 ἐλπίδος
1631 2947 1764 2999 {timim

137 3035 257 3098 parturn,
273 3036 300 3081 et
314 3041 376 3094 spes
393 3026 450 3095 ipsa
471 3026 547 3095 prius
573 3024 694 3082 lsaaeutn
712 3030 828 3098 peperit,
845 3046 962 3111 quante
984 3046 1164 3100 Ἐπῑσςςυσε
1180 3047 1250 3113 γὰρ,
1275 3045 1368 3115 φησίν,
1399 3041 1526 3110 'cepada
1548 3040 1588 3106 τῷ
1613 3036 1689 3104 θεῷ,
1714 3039 1764 3091 καί

138 3120 218 3173 alios.
235 3117 353 3174 Credidit
368 3120 450 3183 eninr,
466 3120 565 3189 inquit,
579 3120 713 3175 Adranam
730 3122 830 3188 Donet
848 3141 940 3194 rupta-1
977 3136 1121 3205 ἐλογίσθη
1147 3137 1227 3202 αὐτῷ
1243 3140 1287 3203 είς
1313 3136 1521 3203 δικαιοσύνην.
1542 3133 1763 3203 dextraeque,

138 3217 223 3263 toturn
240 3218 278 3262 eat
294 3209 380 3263 illitati
392 3210 525 3280 jttrtitiom
538 3212 572 3264 ¹¹.
594 3211 692 3268 Uteris
704 3214 926 3272 ittlecnttdltetetn
975 3210 1033 3300 ὁρῶ
1046 3229 1094 3299 τῆς
1105 3230 1213 3300 Σάρρας
1227 3229 1276 3299 τὴν
1290 3232 1442 3300 στείρωτιν·
1456 3223 1506 3282 οὐκ
1519 3228 1680 3282 θποόλέττων
1694 3227 1762 3297 πρὸς

137 3315 202 3364 nott,
221 3301 317 3368 inquit,
337 3303 455 3369 antplittu
473 3313 577 3372 specio,
603 3320 655 3359 ttott
681 3305 800 3374 respicio
826 3323 925 3376 eorpus
976 3320 1085 3391 rlptruit
1101 3319 1226 3391 σώματος
1244 3321 1387 3387 νέκρωσιν,
1409 3321 1543 3391 ἐδεξάμην
1558 3321 1650 3391 φωνὴν
1668 3320 1765 3372 ἑκατέ·

135 3405 305 3458 entortunnt,
335 3396 498 3462 promissum
530 3405 647 3467 utroque
667 3398 801 3456 valentius
821 3402 924 3470 accepi.
978 3429 1032 3483 ρων
1045 3412 1231 3483 ἰσχυροτέραν.
1244 3413 1394 3482 Ἐφθέγξω,
1405 3411 1762 3483 κοίόκληρονόμοςὲίίύί·

137 3481 259 3538 Locutus
274 3499 315 3550 es,
332 3494 359 3538 et
375 3488 462 3540 tratres
478 3486 504 3540 in
526 3488 618 3543 vicino
634 3500 675 3544 est
687 3508 697 3560 ;
708 3506 771 3561 spes
793 3492 867 3561 ipsas
881 3508 925 3549 res
983 3502 1139 3556 Ἠκολούθει
1151 3505 1240 3557 τοίνυν
1250 3506 1309 3568 ταῖς
1320 3504 1451 3558 elatura&
1463 3504 1623 3574 πράγματα.
1641 3503 1764 3556 Ἔδωκεν

136 3575 348 3628 comitabantur.
373 3574 441 3629 Eum
464 3577 534 3632 Deus
548 3579 623 3634 dedit
636 3584 694 3650 qui,
710 3592 856 3653 antequam
876 3600 925 3640 na·
976 3593 1140 3658 όθερςτρν
1162 3596 1214 3668 πρὸ
1238 3596 1285 3650 τοῦ
1309 3598 1389 3650 τόκου
1417 3596 1601 3666 ποθούμενον.
1633 3595 1763 3657 'street

137 3676 274 3729 reeretnr,
304 3675 363 3718 erat
384 3667 411 3720 in
442 3667 587 3727 desiderio.
611 3673 784 3731 Abrahamus
807 3679 924 3748 aceepit,
979 3685 1090 3758 ἔχαιρε,
1115 3687 1164 3758 τὴν
1187 3688 1261 3741 δόειν
1278 3687 1426 3759 ἠσπάζετο.
1460 3689 1624 3759 Ἀγὼνισμαι
1644 3688 1764 3751 πίστεως

135 3757 243 3826 gavisus
255 3765 308 3821 ost,
326 3759 435 3814 domutn
455 3763 597 3832 amplexus
613 3775 665 3820 est.
682 3767 710 3821 ln
724 3768 813 3823 lucem
833 3769 924 3827 iulans
976 3775 1076 3847 βρέφος
1100 3777 1236 3832 ἐτίκτετο·
1258 3781 1306 3833 καί
1331 3781 1468 3848 φιλοθείες
1493 3780 1617 3850 ηυοίγετο
1643 3779 1762 3834 στάδιον.

134 3842 236 3910 prodiit
252 3841 314 3896 lltlel
329 3849 491 3906 exercendae
508 3855 649 3920 materies,
668 3865 695 3910 ei
709 3851 923 3930 studium'uper·
981 3867 1087 3935 Ἧγνόει
1109 3870 1268 3940 σκάμμασιν
1282 3871 1386 3942 έτέροις
1417 3872 1485 3942 μετὰ
1499 3873 1545 3925 τίν
1569 3872 1646 3926 τόκον
1665 3871 1764 3943 τηροῦ·

136 3940 193 3985 turn
206 3943 247 3986 est
260 3936 348 3989 autori
368 3936 395 3996 in
412 3937 508 3994 Deum.
526 3941 670 4011 ignorabat
686 3948 859 4006 turritanus
879 3952 923 4007 itt·
975 3977 1065 4031 μενος,
1083 3961 1199 4032 Ἔμελλε
1219 3940 1311 4034 γὰρὸ
1326 3963 1391 4026 Θεὸς
1407 3963 1534 4017 ὑπόθεσιν
1552 3962 1701 4034 ἀθλητικὴν
1725 3964 1763 4033 τῷ
1830 3949 1837 3972 '

135 4020 208 4075 lattte
231 4022 305 4077 edito
332 4039 362 4080 se
384 4026 418 4080 ad
438 4029 491 4083 alia
518 4034 623 4087 serrari
638 4038 799 4094 certamina.
823 4038 920 4096 Filium
972 4050 1069 4121 δικαίῳ
1082 4052 1132 4121 τὴν
1146 4051 1227 4121 γονὴν
1243 4052 1407 4123 ἑτοιμάζειν,
1423 4054 1471 4107 καί
1480 4053 1524 4108 διὰ
1538 4053 1634 4118 παιδός
1651 4055 1702 4123 τὴν
1715 4054 1762 4110 τοῦ

45 4121 49 4148 t
134 4127 252 4182 ttatnque
278 4114 349 4170 Deus
374 4118 400 4171 ln
424 4121 566 4177 materiam
594 4128 753 4187 certaminis
775 4141 921 4200 paraturus
973 4142 1447 4214 ἀριστέωςθνδρείανζυγοστατείν.
1475 4143 1589 4216 Ὦςγᾶρ
1607 4144 1716 4217 ηὐξήθη
1733 4143 1762 4199 τί

133 4214 202 4268 erat,
219 4220 250 4258 ae
264 4221 311 4274 per
323 4207 406 4262 lllittnt
420 4210 608 4272 tortitudinem
624 4220 765 4287 optimatis
784 4223 819 4277 ad
835 4222 922 4277 tultel-
974 4232 1084 4302 βρέφος,
1102 4233 1149 4285 καί
1164 4234 1328 4304 ψελλίσμασι
1342 4235 1388 4287 τὸν
1410 4235 1465 4289 τῶν
1478 4236 1580 4304 γονέων
1600 4216 1683 4290 πόθον
1704 4236 1761 4290 ert·

135 4291 187 4343 latn
205 4307 384 4361 expensurns.
400 4299 436 4353 Ut
457 4304 531 4357 enitn
558 4307 675 4362 increvit
698 4312 800 4376 ittians,
816 4327 921 4383 suaque
973 4336 1098 4390 τρωσκε,
1115 4323 1295 4392 συνηυξθνετο
1307 4324 1346 4395 τῷ
1362 4323 1457 4396 βρέφει
1470 4328 1525 4381 τῶν
1544 4328 1646 4397 γονέων
1661 4329 1692 4382 τὸ
1705 4327 1761 4384 σίλ-

136 4379 255 4434 ltalltntie
267 4394 411 4450 parentant
428 4392 560 4445 sauciarit
576 4409 709 4462 atnnrem,
724 4399 805 4456 sitntti
828 4401 918 4457 incre·
934 4389 958 4444 Ῑ)
973 4426 1048 4480 τρον,
1058 4410 1107 4463 καί
1133 4414 1187 4476 πᾶς
1202 4413 1256 4467 τῶν
1275 4414 1409 4469 τεκόντων
1424 4419 1440 4471 θ
1462 4420 1544 4485 πόθος
1558 4385 1760 4493 ἀμέριστοςείς

135 4470 185 4535 ttit,
201 4471 271 4539 qnod
290 4471 316 4524 in
332 4471 445 4576 ittlattte¹
456 4489 585 4580 parentes
599 4483 774 4552 deatnarent,
793 4499 919 4558 totusque
977 4498 1058 4568 μόνον
1071 4500 1195 4570 ἐφέρετο,
1212 4504 1259 4558 καί
1272 4508 1358 4561 πᾶσαι
1370 4509 1400 4563 αί
1414 4510 1466 4582 τῆς
1477 4513 1585 4581 φύσεως
1597 4514 1705 4578 ἐλπίδες
1714 4512 1759 4583 ἐφ’

132 4572 278 4632 μιτειιιυιιι
293 4576 371 4616 antor
389 4565 524 4619 tndtntsos
541 4583 567 4621 nt
582 4584 664 4623 onum
679 4574 879 4645 conferebatur,
893 4590 920 4635 et
975 4595 1035 4660 ςςης
1047 4598 1223 4671 χγεσμεγχντ,
1236 4604 1342 4660 τέκνου.

132 4668 228 4710 omnes
245 4655 357 4724 generis
370 4670 434 4724 spes
451 4655 478 4710 in
496 4673 549 4713 nno
563 4663 799 4721 constituebantur
816 4668 882 4724 illio.

165 4744 195 4802 2.
207 4741 248 4799 dc
257 4744 322 4799 ntilti
341 4746 401 4801 ride
414 4747 540 4818 deinceps
552 4761 655 4819 patretn
666 4754 699 4806 ad
711 4764 845 4812 certamen
856 4774 922 4816 etto·
1011 4768 1044 4839 β’.
1065 4770 1150 4826 Βλέπε
1169 4793 1214 4846 μοι
1223 4777 1315 4833 λοιπὸν
1329 4783 1376 4836 ἐπί
1388 4785 1451 4849 τοὺς
1466 4787 1574 4855 ἀγῶνας
1587 4789 1632 4842 τόν
1651 4789 1759 4862 πατέρα

134 4843 238 4892 minan.
253 4836 320 4893 lloec
340 4839 385 4893 nln'
402 4851 476 4910 ροεια
497 4857 570 4911 runt,
582 4844 670 4912 inquit
683 4844 799 4916 Moyses,
814 4852 923 4904 tentarit
976 4859 1157 4933 καλούμενον·
1178 4868 1234 4921 Καί
1255 4870 1371 4940 ἐγένετο
1380 4876 1455 4944 μετὰ
1468 4878 1504 4931 τὰ
1518 4879 1638 4950 ῥήματα
1651 4881 1759 4947 ταῦτα,

166 5014 275 5086 ’ξθεια
300 5034 351 5087 ιιι,
364 5021 391 5076 l.
429 5020 452 5052 '¹
466 5020 534 5079 Gen.
550 5039 596 5093 xv,
607 5024 634 5082 θ.

747 5208 802 5266 et.
824 5211 1011 5282 causoden
1030 5219 1146 5278 NOTAE.
1203 5283 1213 5292 ‚

165 5354 224 5439 (idi
238 5371 417 5440 Συγγενείας
431 5392 501 5432 σου.
522 5379 589 5435 Tota
606 5384 736 5439 orationis
748 5389 832 5445 iacies
851 5392 915 5445 illud
969 5392 1004 5453 θξ
1019 5397 1148 5462 οὐρανοῦ
1169 5411 1420 5481 παραγγέλμασιν.
1440 5418 1570 5489 Perqaatn
1587 5425 1729 5481 enucleate
1746 5445 1754 5482 t

130 5438 214 5496 etlam
228 5443 340 5506 requirit
357 5461 364 5496 :
384 5445 440 5496 Καί
464 5447 496 5498 έκ
516 5449 564 5502 τοῦ
579 5451 655 5504 οίκου
675 5453 722 5504 τοῦ
739 5461 841 5526 πατρός
854 5476 913 5512 σου.
970 5461 1077 5528 Solitas,
1104 5468 1152 5538 ἂμ·
1170 5473 1245 5541 ἕως,
1262 5479 1311 5549 &p’
1335 5484 1425 5552 ἔργον.
1451 5487 1755 5558 χω,χοχυθῃχῶχχχὸ

130 5506 622 5650 ΕιᾶἓγάὸἓΐχςῗίῗέὲἐὰίῦθῃίἨί·
970 5525 1103 5588 Ηθίῑίθῐθθ
1133 5542 1188 5595 ln'uc
1211 5553 1298 5600 nuntia
1316 5557 1623 5625 ttttokppurrdot'.(2alli
1689 5570 1695 5621 l
1728 5584 1741 5614 s

474 5598 565 5678 ’.ΠΨ
582 5587 668 5671 ΜΨ
680 5589 916 5668 προσταίμὰωῖ
969 5597 1089 5665 ἕίνῑπίί·
1108 5604 1276 5671 Τθθθίιίίιίεα
1307 5622 1430 5676 autumet
1520 5598 1531 5624 ’
1628 5583 1753 5636 'nam’

131 5648 298 5722 ἀργότερος,
324 5647 405 5704 ἀλλὰ
427 5662 480 5701 συι
490 5650 585 5716 τρέχει
602 5670 663 5707 σιν·
681 5658 829 5724 προθυμίᾳ
853 5673 916 5723 ταις
1186 5669 1193 5682 ·
1280 5659 1288 5677 ·
1422 5664 1439 5679 ··
