3817 6075
114 235 187 346 ¹tuns
818 278 937 341 nunu
953 280 1079 342 nazut
1712 282 1764 347 set
1787 270 1789 274 ’

134 394 219 449 totius
240 390 340 455 ulcere,
363 388 492 460 seipsum,
512 402 592 459 qnam
615 387 651 444 sit
672 387 744 445 intus
760 396 787 446 et
808 387 836 444 iu
858 398 920 446 cute
934 400 958 456 Α
971 406 1034 455 νος·
1068 389 1215 447 κάντεῦθεν
1235 390 1335 456 πεσὼν,
1362 390 1493 462 οὐδεμίαν
1516 391 1573 457 ίξει
1597 391 1764 464 παραίτησιν

134 485 234 548 stralus,
256 471 426 551 prodiderit:
443 478 579 533 daurmanr
601 479 657 548 ipse
673 480 725 537 sibi
740 490 829 551 parat,
853 481 920 537 mul·
972 482 1035 537 ούδά
1054 482 1242 554 συγγνώμην·
1258 484 1288 538 ού
1309 483 1364 556 γάρ
1383 484 1417 537 ἀν
1436 484 1509 555 ἔχοις
1526 483 1764 554 exemenonem

134 576 190 624 tani
207 568 333 622 uidelicet
352 566 491 620 materiam
512 565 670 635 cumulans3
686 568 756 624 unde
778 568 859 625 etiam
879 569 921 626 la·
972 574 1006 628 δι’
1017 575 1138 645 ἀπορίαν
1152 575 1205 628 οὐκ
1226 575 1417 645 ὲδοὴθεις(ἀί)
1433 576 1489 639 τοῖς
1505 575 1536 629 si
1551 574 1650 627 παθεῖν
1663 574 1765 642 δεσμί-

134 673 200 729 psns
222 658 320 712 nullam
344 655 454 710 habehit
476 671 564 726 neque
585 660 804 727 excusationem,
830 675 921 732 neque
973 685 1042 736 νοις,
1061 666 1202 729 ίπλούτεις
1216 666 1272 737 (52)
1287 667 1357 738 γάρ·
1373 666 1428 719 οὐδ’
1444 667 1485 720 δτι
1504 666 1666 727 δυναστείας
1675 664 1765 736 ἑνδείρ

133 750 219 819 culpae
239 749 479 804 condonationem.
502 747 596 819 Neque
611 749 683 807 carim
697 761 786 823 potest
806 753 921 810 conni-
971 755 1397 829 περιεώραςάδικουμένοιςβό)
1409 754 1697 825 ἀτυρά·σνεις(3δ)γάρ·
1709 754 1763 807 οὐδ’

133 838 211 902 nisui,
228 838 422 908 quodpropter
437 838 556 909 inopiam
573 841 715 910 egentibus
729 858 781 899 nou
798 844 919 913 potuerit
970 848 1013 903 δτι
1025 841 1167 921 ἀρρωστίᾳ
1177 847 1224 901 τοῦ
1233 846 1362 902 δύνασθαι
1375 847 1492 918 ἡττήθης
1502 846 1559 916 (55)
1574 845 1629 899 τῶν
1639 844 1763 935 ἡδονῶν)

132 943 303 998 succurrere,
327 929 373 997 oni
398 929 502 986 diuitiis
526 930 682 990 abundabat
703 949 815 1008 :neque
837 937 919 992 etiam
972 936 1052 1010 ῥώμη
1072 936 1126 1009 γάρ
1142 937 1269 1008 σώματος
1291 937 1406 1008 προσῆν.
1432 935 1564 990 liudierus
1579 935 1664 1005 γάρὸ
1684 934 1763 987 δικα-

133 1021 246 1091 llagem,
261 1021 332 1092 qnod
345 1022 465 1092 potentia
486 1037 518 1077 ac
529 1022 632 1080 uiribus
642 1024 797 1088 destitutus.
813 1024 920 1097 eosqui
972 1028 1037 1099 στίγς
1052 1027 1087 1081 δι’
1097 1026 1251 1099 ύπερθολὴν
1265 1025 1441 1096 δικαιοσύνης
1453 1025 1504 1079 οὑκ
1527 1024 1680 1095 άμφίδολον
1693 1022 1763 1077 siser

132 1123 323 1183 premerentur
344 1112 462 1183 injuriis,
482 1114 642 1186 neglexerit,
662 1116 709 1187 qui
734 1131 855 1172 summus
874 1130 919 1172 re·
969 1117 1020 1189 τὴν
1038 1118 1147 1190 κρίσιν·
1171 1116 1231 1172 ἀλλ’
1258 1115 1329 1171 ὥστε
1351 1116 1398 1170 τδν
1414 1115 1555 1170 ίαλωκίτα
1571 1114 1620 1169 καλ
1634 1116 1761 1185 πάσχειν,

132 1219 193 1260 rum
215 1204 341 1260 dontinus
364 1214 424 1261 erat
437 1228 444 1262 ι
458 1221 545 1276 noque
559 1215 719 1280 praetexere,
740 1208 812 1280 quod
835 1208 920 1266 inhe-
970 1207 1080 1264 καὶτοῦ
1098 1206 1228 1263 δικαστοῦ
1241 1206 1396 1278 θαυμάζειν
1407 1208 1457 1280 τὴν
1471 1208 1563 1277 ψῆφον
1575 1207 1644 1278 (36).
1663 1208 1697 1262 ut
1716 1209 1763 1278 μίν

133 1294 250 1358 cillitste
266 1306 363 1367 suople
378 1297 481 1355 iactum
492 1300 540 1366 sit,
554 1308 585 1356 ut
596 1300 779 1373 voluptatibus
793 1308 920 1360 suco'ttm·
969 1295 1068 1373 γάρῆν
1082 1301 1097 1354 ὁ
1111 1298 1227 1364 θάνατος
1241 1299 1288 1353 τοῦ
1309 1300 1410 1363 παντὸς
1434 1298 1591 1370 ἀπαλλαγὴ,
1618 1299 1712 1361 καλῶς
1730 1300 1763 1354 ἀν

132 1385 220 1452 neser,
234 1387 277 1442 cui
293 1389 415 1457 ‹mrporis
429 1389 632 1450 roboraliasad
644 1407 688 1449 res
700 1390 835 1450 adfuerat.
850 1390 918 1448 Nem
968 1390 1100 1464 ἡτσδρουν,
1115 1390 1143 1445 τί
1163 1408 1206 1456 τις
1217 1389 1336 1462 πονηράς
1357 1390 1396 1444 ὢν
1422 1390 1452 1443 ὲν
1471 1390 1611 1463 τυραννίδι
1635 1390 1683 1445 τάν
1706 1390 1763 1461 βίον

131 1487 163 1531 ut
181 1477 309 1542 ornnihus
327 1489 446 1548 constet,
466 1496 548 1552 quam
565 1483 648 1540 multa
673 1484 708 1540 sit
729 1483 808 1553 huius
819 1482 920 1553 iudicis
969 1481 1141 1554 ίτσλεύτησε.
1157 1480 1215 1535 Νῦν
1229 1482 1258 1536 δὲ
1278 1483 1340 1536 ἐπεί
1357 1480 1493 1546 ἀθάνατος
1508 1484 1525 1552 h
1540 1481 1625 1551 ψυχὴ,
1642 1481 1706 1536 οὐδὲ
1721 1484 1761 1546 τίς

132 1576 160 1622 et
178 1567 313 1624 excellens
332 1569 449 1640 justitia,
468 1574 527 1628 ruit
544 1573 588 1634 itte
612 1573 815 1644 ipseiudicturn
838 1589 919 1632 suum
969 1573 1033 1647 θύου
1061 1573 1285 1646 μεταχωρήσασα
1308 1571 1405 1643 φεύγει
1421 1573 1471 1644 τὴν
1494 1573 1585 1642 δίκην,
1616 1573 1675 1627 ἀλλ’
1704 1575 1763 1629 ἐκεί

133 1669 184 1712 neo
197 1657 342 1713 obscurum
364 1674 436 1726 esse,
455 1676 506 1718 neo
517 1663 672 1732 ambiguum
687 1681 695 1720 ι
708 1678 800 1720 rernm
820 1664 861 1730 sle
871 1663 918 1735 ju·
971 1666 1088 1737 μάλιστα
1101 1666 1150 1738 τῆς
1166 1666 1302 1737 τιμωρίας
1316 1664 1484 1727 αίσθάνεται,
1500 1666 1542 1728 είς
1560 1665 1700 1735 τάρταρον
1715 1681 1761 1718 πτ-

134 1748 235 1817 (Ιῑθθίθι
253 1758 283 1806 ίίῑ
300 1765 363 1808 ῐθίίθ
380 1762 527 1825 elpoensm
554 1756 606 1811 Βῑίιὶ
622 1757 772 1827 irrogatam
792 1755 869 1825 lessi,
891 1736 1053 1815 αιΒσοῦσα
1071 1756 1246 1813 δδενοδποτα
1275 1757 1435 1828 irriderent.
1463 1756 1547 1811 'liert
1575 1756 1693 1827 ἕρμαιον
1705 1757 1758 1826 (57)

133 1840 296 1897 “atentiam
321 1843 459 1914 ebitudine
481 1847 515 1902 sle
533 1860 563 1902 se
578 1847 661 1903 latam
683 1829 814 1919 suscipiat
835 1858 918 1920 atque
967 1853 1025 1915 τοῖς
1040 1852 1137 1915 κακοῖς
1150 1848 1271 1904 ἐνταῦθα
1283 1851 1372 1904 νοσείν
1386 1865 1417 1903 τε
1432 1848 1480 1904 καί
1495 1850 1611 1918 ἀπορεῖν
1629 1849 1680 1903 καί
1700 1848 1759 1902 δου-

133 1937 302 1987 rerereatur.
326 1932 431 1989 Etenim
452 1934 477 1992 si
500 1950 573 1992 mors
595 1937 716 1994 omnium
743 1953 834 1994 rerum
856 1939 918 1996 unis
969 1941 1081 1997 isirin·
1102 1941 1153 2014 ήδη
1175 1941 1230 2013 γάρ
1256 1958 1299 2005 τις
1319 1943 1349 1995 ἐν
1373 1939 1413 2012 τῷ
1435 1938 1584 1996 ίδιωτεύειν
1598 1938 1654 2011 (58)
1674 1940 1759 2010 μικρί

134 2017 245 2077 ultimus
260 2033 343 2089 esset.
360 2034 433 2081 recte
450 2026 477 2081 in
495 2028 673 2098 quaestionem
688 2041 819 2087 rooarcnt
832 2028 919 2086 homi·
968 2032 1136 2105 διαμαρτὼν.
1151 2034 1202 2101 τῆς
1216 2032 1271 2087 τῶν
1284 2032 1376 2104 μερῶν
1389 2030 1445 2103 (θθ)
1461 2030 1595 2103 ἁρμονίας
1609 2031 1686 2102 αύτῷ
1699 2031 1758 2086 δατ-

134 2124 195 2177 ttes,
218 2113 331 2182 quinam
346 2114 423 2172 ileret
441 2126 471 2172 υι
488 2118 570 2174 homo
586 2119 728 2189 scelestus,
755 2120 783 2178 iu
804 2120 919 2191 inperio
969 2123 1098 2192 λυθείσης
1120 2122 1171 2196 τὴν
1197 2123 1289 2180 αίτίαν
1306 2124 1412 2194 μαθὼν,
1437 2122 1484 2177 καί
1497 2121 1600 2193 ταύτην
1618 2122 1754 2194 ἐκδακρύ-

41 2200 44 2204 ’
134 2209 215 2273 stoue
230 2203 258 2262 iu
277 2204 352 2263 lauis
367 2204 477 2270 ioritttts
495 2209 579 2268 vitem
597 2226 675 2268 suam
689 2226 797 2271 omnem
815 2212 917 2272 uniret.
973 2230 1023 2278 σας
1035 2212 1104 2286 (to),
1120 2213 1172 2285 τῆς
1183 2216 1212 2270 lu
1227 2212 1292 2285 ἀδου
1305 2214 1440 2286 τιμωρίας
1458 2212 1620 2289 ἀπηλλάγη.
1645 2214 1758 2286 Ἰίτερος

181 2398 227 2469 dt)
241 2395 293 2455 CC.
307 2395 339 2456 P.
356 2399 535 2473 οάκίδοὴθτι.
967 2403 1070 2473 φαύλου
1082 2402 1165 2474 μηδὲν
1188 2402 1277 2468 αύτδς
1300 2402 1376 2474 αύτῷ
1393 2404 1532 2470 συνειδὼς,
1550 2404 1685 2475 ύπομὲνει
1708 2403 1758 2473 rip

180 2472 226 2553 θά)
244 2470 429 2539 'hainoense
453 2473 671 2530 presumendum
687 2485 734 2529 eos
750 2472 837 2530 malos
855 2486 918 2530 esse
965 2491 1038 2543 erpo
1059 2475 1112 2529 ίαν.
1134 2473 1187 2529 Sed
1209 2487 1301 2528 rerum
1319 2484 1361 2529 est
1380 2473 1421 2540 αδ,
1434 2474 1540 2545 μαθών,
1557 2476 1759 2544 αραοσσεασθίσ
1800 2526 1806 2540 ,

133 2552 162 2599 et
173 2543 225 2597 dict
240 2542 289 2596 hoc
303 2540 373 2606 loco,
387 2543 432 2624 qui
446 2543 566 2600 molensi
582 2545 660 2601 donis
674 2544 785 2608 divinis.
799 2542 917 2608 divitiis.
966 2491 1131 2614 siguificare.
1144 2572 1181 2583 -
1195 2541 1265 2598 Vera
1276 2552 1305 2597 ut
1320 2545 1386 2605 sint,
1398 2544 1470 2613 qrrod
1483 2546 1649 2599 arbitramur
1659 2546 1754 2610 etiarn,

171 2611 266 2675 tentia,
281 2617 335 2667 etc.
354 2611 405 2679 Qut
426 2614 498 2666 enirn
514 2629 597 2685 egens
612 2615 747 2670 nemiuem
763 2614 820 2684 ipse
838 2614 915 2679 ditat,
966 2629 1027 2684 oure
1041 2615 1120 2669 inodo
1133 2613 1262 2677 diximus,
1288 2618 1397 2667 constat
1416 2622 1505 2667 tanuen
1521 2612 1601 2679 hujus
1612 2613 1758 2681 scriptoris

146 2696 193 2753 psa
219 2680 376 2747 impotentia
392 2682 513 2736 excludit
533 2684 809 2740 animadversionem·
829 2683 861 2738 Et
877 2684 914 2737 ita
968 2697 1027 2739 aero
1040 2681 1135 2749 luisse,
1148 2682 1195 2750 qui
1213 2682 1302 2737 iocum
1317 2692 1378 2750 post
1394 2683 1463 2737 hanc
1475 2684 1556 2738 sitam
1571 2683 1716 2739 animabus
1727 2698 1758 2739 sc

130 2753 162 2809 ln
175 2749 291 2804 aretinis.
308 2749 361 2806 CC.
375 2751 404 2804 P.
422 2750 558 2807 ἐπλούτει,
972 2751 1202 2807 minorihusritiis
1212 2752 1392 2819 expurgandis
1400 2753 1579 2806 coustitutum
1600 2767 1664 2808 curn
1675 2753 1759 2819 phila-

167 2818 285 2890 (iimcc.
301 2818 330 2874 P.
349 2818 723 2892 Περιεὼραςάδικουμίνους.
972 2822 1120 2891 sophorum
1149 2834 1202 2875 non
1231 2820 1352 2876 trrinirnis
1381 2821 1528 2876 traderent.
1553 2820 1688 2878 Boethius
1716 2823 1756 2877 sio

166 2887 225 2963 (δύ)
248 2888 448 2957 'stupescere
474 2887 598 2944 llahchas
620 2892 691 2945 enirn
716 2900 818 2946 tantam
842 2901 918 2961 pote·
972 2900 1046 2947 certe
1061 2890 1130 2945 libro
1145 2904 1183 2953 rr,
1203 2888 1241 2943 Dc
1264 2890 1363 2945 consol.
1379 2890 1469 2959 capi
1487 2908 1494 2945 ι
1513 2890 1577 2954 seri,
1589 2907 1698 2961 ριιπσο,
1715 2891 1757 2944 irr-

134 2961 245 3022 sistens,
261 2967 289 3012 ut
305 2967 331 3013 et
346 2958 486 3029 tyrannice
498 2972 529 3012 ea
540 2959 579 3014 uti
592 2974 722 3028 possess
736 2962 843 3015 nerniue
857 2975 920 3031 pro·
973 2976 1062 3026 osum,
1073 2969 1107 3025 te,
1121 2959 1229 3013 nnlione
1239 2959 1389 3013 animorum
1399 2961 1527 3028 supplicio
1537 2971 1594 3028 post
1605 2960 1758 3029 desumus·

135 3031 277 3091 hilsemlus.
292 3028 389 3084 nedum
401 3037 430 3084 ut
439 3029 574 3100 justitiam
586 3030 705 3101 potueris
719 3031 856 3087 excolere.
869 3031 918 3086 ils.
934 3028 955 3088 G
973 3040 1058 3084 niorte
1079 3045 1173 3097 corpas
1203 3028 1347 3098 relinquis?
1366 3028 1400 3084 lc'r
1413 3046 1509 3099 mapsa
1523 3031 1645 3100 pridem,
1657 3031 1756 3102 inquit:

133 3103 185 3161 (Β.
207 3100 236 3159 Ρ.
249 3101 400 3173 ἐτυράννει.
970 3100 1244 3172 qnorsmuiinpoeaoii
1257 3098 1409 3164 acerbitate,
1416 3099 1535 3154 oiinncro
1545 3101 1699 3170 perpeteris
1708 3100 1758 3157 cle·

180 3172 224 3240 iiii
241 3170 293 3227 cu.
311 3170 341 3224 P.
379 3169 475 3244 ττίγθη.
970 3169 1069 3225 arsatio
1081 3170 1198 3223 exerceri
1212 3178 1286 3238 puto.
1305 3168 1358 3222 Nos
1371 3169 1489 3239 priorem
1504 3170 1668 3224 sententiam
1684 3180 1758 3224 tene·

181 3244 227 3313 56)
249 3239 350 3311 Θαυμά
365 3258 412 3296 ειν
428 3240 486 3309 τὴν
505 3239 622 3312 (οῆμον.
642 3238 762 3294 Laudem
783 3239 921 3308 aeqtriiatis
971 3252 1031 3293 miss
1048 3255 1055 3292 ε
1073 3238 1211 3303 hirnirum,
1228 3246 1257 3292 ιιι
1270 3240 1365 3292 rnorho
1383 3238 1758 3308 inpedirirmrporisntttctts

134 3326 163 3371 et
170 3315 283 3384 perstitisse
296 3327 356 3365 curn
373 3311 553 3367 admiratione
568 3310 718 3365 rescribere
728 3309 832 3379 irsiici.
850 3324 919 3364 con·
971 3309 1166 3365 ‹licaturhomn
1175 3307 1375 3362 docidivinitus
1386 3307 1419 3361 ad
1431 3309 1596 3377 agnitionem
1609 3306 1680 3363 male
1692 3318 1758 3364 scta

136 3387 253 3443 lessione
266 3382 413 3437 criminum
430 3380 604 3451 etagnitione
614 3380 695 3448 pistae
710 3393 807 3449 poenae.
825 3376 920 3437 Toties
972 3380 1043 3443 ritae,
1055 3388 1086 3432 ut
1100 3377 1225 3446 lacrymis
1240 3392 1300 3432 cam
1316 3386 1343 3431 ct
1354 3376 1510 3446 poersitentia
1521 3376 1659 3438 crneodet.
1673 3377 1757 3443 oriam

137 3456 199 3509 talia
217 3456 243 3507 in
260 3449 391 3514 Psalmis,
407 3458 435 3504 et
457 3450 586 3519 tragoedia
599 3489 606 3514 ‚
619 3448 731 3516 aliisque
743 3459 865 3503 veterum
880 3446 920 3503 la·
972 3446 1034 3502 licet
1059 3446 1214 3500 moriturum
1235 3460 1345 3499 causam
1373 3461 1570 3501 connumerare
1586 3446 1630 3507 iis.
1646 3460 1715 3515 quas
1726 3462 1757 3500 er

138 3525 207 3580 hnlis
220 3531 246 3578 et
263 3520 386 3574 historiis
401 3528 558 3583 occurrunt,
576 3528 605 3572 ut
625 3517 682 3572 inca
708 3519 764 3587 ipsa
783 3517 919 3587 ingentem
971 3515 1001 3571 B.
1019 3515 1116 3570 Basilio
1130 3513 1212 3568 reinrt
1235 3514 1407 3577 Anastasius,
1422 3517 1473 3572 nisi
1487 3516 1580 3569 titulus
1599 3516 1678 3585 lingit
1693 3530 1758 3570 suc·

138 3594 229 3649 irscere
246 3592 353 3643 valeant
365 3590 600 3644 commentarium.
617 3586 667 3642 th.
972 3596 1069 3651 turem,
1084 3584 1201 3644 Sinaitr,
1213 3585 1362 3649 spirastiuue
1379 3585 1424 3648 li,
1441 3596 1468 3640 et
1481 3584 1653 3641 Christianus
1663 3584 1759 3641 oram

176 3662 232 3735 (57)
251 3661 401 3728 Ἕρμαιονι
419 3657 487 3714 Vere
508 3657 634 3729 ἕρμαιον,
650 3656 779 3713 diviuitas
800 3654 920 3715 oblatruu
972 3658 1087 3709 mutiens
1099 3654 1125 3708 ln
1146 3652 1176 3705 li.
1194 3651 1347 3707 ilattiuumn
1371 3669 1396 3708 c.
1412 3671 1469 3709 sar.
1485 3655 1577 3713 Possis
1590 3664 1618 3709 et
1633 3655 1757 3709 vitiatum

139 3747 235 3789 ruimus
247 3740 293 3784 aut
304 3732 420 3783 lucrum.
434 3728 482 3784 Cui
497 3730 569 3782 enirn
584 3728 697 3783 aterensi
713 3736 920 3795 permanserim
975 3722 1234 3813 transposipiupcula
1265 3733 1409 3806 autumare
1436 3724 1572 3810 AEncarp.
1598 3733 1627 3778 et
1644 3726 1682 3779 ita
1702 3724 1762 3778 reli·

137 3797 594 3938 idi-ididiae'iiiiii-'⁰2¹2
607 3796 922 3936 iiiiiih'iiihid
972 3791 1762 3935 iiiior.cdliiiiiiiiiiiiimiititiih:

138 3938 287 4010 temporis?
300 3941 390 3993 ottenis
404 3949 494 3993 autern
511 3939 567 3993 ltaeo
585 3938 675 3992 dirim
690 3945 773 4002 serni,
786 3948 814 3992 et
826 3935 920 3990 Proui·
971 3933 1022 4003 τῆς
1039 3933 1092 3986 τῶν
1108 3932 1197 4003 μελῶν
1214 3933 1351 4005 ἁρμονίας
1371 3934 1446 4004 αύτῷ
1459 3933 1646 4003 διαλυθείσης,
1660 3935 1713 4005 τὴς
1733 3936 1761 3987 iu

140 4010 260 4067 dentiam
275 4008 381 4077 egregie
392 4011 512 4076 tuentia3
529 4023 589 4078 (μου)
602 4007 625 4060 si
644 4006 782 4067 diducere.
800 4005 919 4075 philoso·
971 4002 1036 4127 pinu
1046 4003 1180 4073 τιμωρίας
1190 4002 1346 4073 ἀπηλλάγη.
1360 4003 1433 4059 Sane
1445 4020 1478 4060 eo
1491 4005 1571 4059 arundo
1582 4006 1674 4058 orsruis
1686 4020 1762 4059 mora

159 4082 254 4136 horum
271 4086 298 4131 et
314 4074 528 4132 Chriitianitatis
546 4086 776 4148 propugnatorum
795 4075 874 4129 dictis
888 4074 921 4127 il·
984 4075 1053 4127 uerit
1064 4070 1348 4128 extrita.Sententiarn
1360 4074 1475 4140 priorem
1489 4083 1609 4127 nostram
1620 4074 1763 4142 sequentia

152 4158 257 4208 nstrsre
280 4145 357 4210 selis,
383 4162 417 4200 ex
442 4146 526 4200 AEuea
548 4149 601 4201 isto
625 4143 821 4216 Polyphemum
847 4144 922 4199 nullo
977 4144 1057 4198 unice
1078 4143 1199 4196 irrnnmt.
1215 4141 1251 4195 [le
1265 4143 1381 4211 generali
1395 4143 1467 4196 enim
1482 4143 1607 4213 corporis
1627 4144 1765 4201 solutions

141 4238 150 4276 r
192 4217 249 4273 otio
262 4215 356 4271 lectori
373 4215 532 4272 coudeceris.
551 4215 601 4270 us.
972 4217 1005 4266 ad
1022 4228 1035 4266 s
1071 4211 1149 4266 cialia
1167 4212 1265 4265 tinterna
1281 4212 1432 4269 descendit.
1446 4212 1494 4269 lis.

150 4234 247 4361 ⁸738).
262 4284 311 4338 'Er
325 4280 365 4347 τῷ
389 4283 560 4338 teretrum.
578 4284 848 4338 uomnrurremrturn
870 4283 921 4338 ho·
1000 4281 1018 4362 (
1055 4279 1422 4362 Πανίτηνιὲνιδακρύσας.
1444 4284 1520 4363 Quod
1547 4290 1655 4338 ueteres
1679 4280 1760 4339 curt-

141 4358 243 4413 minum
260 4353 417 4409 humanitus
434 4354 598 4421 transigens.
623 4348 675 4403 Sed
694 4365 783 4405 verius
794 4361 838 4405 est
854 4352 917 4404 sitia
935 4359 956 4414 n
972 4351 1054 4404 strarri
1081 4364 1262 4403 necessarium
1278 4364 1388 4404 osonum
1408 4351 1621 4408 arirrtrahnntur.
1645 4350 1760 4407 Pascha·

142 4435 189 4483 atti
201 4424 299 4480 delicta
318 4419 370 4475 heo
392 4435 458 4474 voce
476 4421 587 4489 intelligi
600 4458 609 4482 ,
622 4433 682 4486 orire
701 4419 778 4475 alteri
792 4421 918 4486 injuriam
973 4421 1025 4472 lius
1040 4419 1184 4472 liutherius
1207 4416 1293 4471 :llo’c
1316 4428 1353 4471 ert
1372 4425 1429 4473 solu
1451 4421 1522 4475 solus
1544 4425 1640 4475 onlnem
1662 4432 1688 4477 ei
1707 4434 1757 4488 spes

142 4511 195 4553 non
212 4492 339 4557 inierant,
350 4491 555 4543 etminorasint
569 4488 694 4542 omnihus
707 4488 837 4540 lractenus
848 4502 922 4542 cour·
973 4497 1044 4541 certet
1064 4486 1186 4553 dolenti,
1204 4484 1320 4541 Vulnere
1344 4505 1402 4542 csnr
1424 4489 1547 4560 lucrymis
1566 4494 1670 4546 medico
1688 4505 1762 4549 ,rese-

143 4561 310 4623 ntemoratis.
344 4554 811 4627 Ἰδιωτεύεινυμμοιιίιυστυραννίδι.
828 4556 876 4610 lis.
974 4572 1033 4611 rere
1048 4558 1329 4623 supremohntiuchus
1355 4563 1439 4614 ahhns
1458 4562 1589 4615 Sermone
1611 4563 1662 4617 toi
1685 4576 1693 4613 r
1719 4558 1762 4613 oie

190 4631 234 4703 59)
250 4631 359 4687 Videtur
372 4629 504 4683 excidisse
517 4624 620 4680 rocrrln.
635 4624 729 4679 Scribe
741 4623 793 4692 πρὸ
806 4625 856 4696 τῆς
869 4625 924 4679 τῶν
974 4644 1006 4681 oc
1024 4635 1101 4680 nocte
1118 4625 1278 4694 plorabimus
1295 4629 1322 4679 in
1339 4643 1475 4701 corrspeerrs
1498 4630 1623 4696 Domini,
1637 4632 1685 4698 nai
1703 4631 1763 4699 {scii

145 4636 235 4780 peliis
257 4697 392 4770 ἁρμονίας
416 4695 491 4768 αύτῷ
515 4693 699 4765 διαλυθείσης.
728 4692 831 4748 Statuit
850 4694 922 4749 onim
976 4712 1032 4750 nos.
1052 4694 1102 4749 tiit
1121 4696 1189 4748 euim
1213 4696 1347 4765 lacrymor,
1368 4696 1404 4750 ihi
1421 4700 1563 4753 ecornlilis
1586 4699 1698 4753 Domini
1714 4701 1764 4753 ele-

146 4770 357 4832 manifestatum
373 4770 425 4823 hoc
440 4781 564 4822 sermone
582 4766 665 4821 sitam
679 4770 785 4823 larrium
801 4762 880 4830 hane,
895 4775 924 4817 et
975 4766 1109 4820 nreniio...
1124 4765 1259 4834 Locrpnnu
1276 4776 1429 4830 presentem
1450 4769 1569 4822 eniriisut
1590 4769 1643 4822 uer
1661 4773 1764 4822 oretis·

145 4844 201 4905 iilic
218 4840 275 4898 slve
296 4840 403 4892 beatam
420 4839 477 4893 siue
499 4839 624 4894 roiseram
640 4847 748 4905 semper
770 4830 920 4896 Asturicum
975 4849 1044 4897 nens,
1057 4850 1164 4902 comque
1178 4835 1322 4903 pretiosum
1340 4838 1452 4890 residunt
1472 4848 1497 4890 et
1516 4838 1704 4904 acceptabilem
1708 4875 1762 4892 .....

146 4926 233 4985 neom
246 4908 314 4966 ratio
327 4908 479 4977 patiturltic
493 4908 527 4962 de
555 4896 616 4960 oerrtt'
627 4902 810 4961 ersteutlatrice
818 4911 921 4957 tantum
975 4900 1128 4956 Rornientnr
1149 4906 1295 4969 aspergines
1312 4905 1509 4974 incrpmnruns,
1528 4917 1554 4961 st
1571 4910 1666 4960 dulcor
1680 4907 1764 4960 meilis

147 4986 176 5047 ln
188 4984 274 5041 alters
295 4976 350 5030 rita
369 4991 521 5033 sermonem
538 4923 654 5039 lauert,
670 4987 732 5028 etim
748 4972 782 5028 de
796 4971 922 5043 praesnnti
975 4973 1128 5051 septennii,
1140 4981 1186 5024 nat
1200 4987 1277 5051 sance
1290 4973 1413 5053 [reprens
1426 4978 1570 5046 tlrpnsiemn
1581 4977 1652 5044 apud
1670 4974 1764 5029 Derim⁸

148 5054 239 5115 omnis
254 5047 454 5111 continuentur.
476 5044 637 5102 Emendatio
655 5041 679 5096 si
695 5056 747 5095 nors
763 5041 861 5109 placet,
875 5040 923 5096 iliu
978 5039 1163 5094 Omnnnodons
1179 5052 1238 5093 eure
1261 5054 1342 5110 rprrsr
1360 5047 1511 5111 peticionem
1536 5061 1640 5099 necem
1659 5047 1698 5099 ,p
1722 5045 1765 5097 ις.

147 5124 271 5189 διάλυσις
281 5115 414 5189 ἁρμονίας
424 5117 478 5171 τῶν
490 5113 579 5187 μελῶν
591 5110 700 5168 morbos
715 5110 833 5178 insignes
847 5113 925 5166 deno·
977 5124 1125 5176 erpruoruns
1143 5112 1226 5162 nrnrr's
1238 5113 1362 5176 presidio
1382 5117 1417 5166 od
1432 5115 1491 5169 nitu
1516 5117 1685 5171 ohirremlsrss
1704 5128 1765 5168 cer-

149 5208 189 5259 tet
220 5185 447 5258 optinerentur
470 5186 592 5241 homines
611 5183 644 5237 ad
666 5178 788 5260 dellenda
813 5189 924 5249 peccate
977 5180 1125 5255 rectionem.
1144 5176 1260 5258 idaturos
1289 5181 1423 5236 Clirnacus
1444 5179 1593 5239 Gradiui:
1618 5185 1710 5255 ldejor
1730 5198 1762 5237 sc

201 5212 235 5328 Ἱ(
251 5262 340 5325 nnus,
354 5264 383 5312 ui
398 5257 495 5311 docent
511 5254 586 5310 multi
602 5249 817 5308 Christianorum
832 5249 925 5302 docto·
978 5255 1106 5325 potentior
1120 5244 1273 5312 hnptrsmntc
1289 5264 1344 5316 posr
1357 5251 1497 5320 hoptisnm,
1513 5257 1560 5308 ersi
1585 5258 1678 5308 audes
1692 5255 1765 5308 dicta

149 5360 210 5403 pum
235 5342 264 5399 ςι
287 5326 367 5390 lllolll
388 5325 456 5383 tiucr
472 5330 570 5381 tractat
585 5335 647 5377 cum
670 5317 784 5373 Psalmis
806 5317 925 5372 ulterius.
978 5313 1006 5365 sd
1023 5313 1154 5376 rideatur,
1171 5312 1230 5380 (σοι
1246 5317 1422 5385 ίαιιμνιαιυυι
1444 5333 1493 5380 εει.
1513 5323 1586 5377 llled
1606 5325 1679 5377 euim
1697 5337 1765 5391 ρει-

148 5414 197 5474 )ι).
211 5410 295 5473 pethe
335 5398 385 5475 τὴν
407 5395 498 5453 siries
518 5390 624 5466 μαθὼν,
647 5388 758 5444 omniuo
784 5386 929 5441 excludunt
978 5381 1096 5458 cedentia
1111 5383 1205 5461 delicte
1218 5393 1525 5456 rrosiropurpnuit,isturl
1537 5395 1764 5462 seruposteriore.

149 5502 180 5546 ίθ
200 5442 360 5545 uoltilst’lioe
371 5455 930 5535 mottilonettt.Quidehlmiustitiseslitor·
982 5450 1063 5528 Atque
1076 5448 1143 5501 ritae
1160 5451 1263 5516 quidem
1287 5471 1373 5511 ornuer
1389 5464 1421 5510 ni
1437 5462 1550 5528 insontia
1570 5475 1705 5526 accepim
1725 5462 1765 5515 ι..

181 5503 197 5559 q
215 5538 473 5616 t'sarrintsmsttlttll,
486 5520 932 5611 priusquampeccatacognouerit?
981 5532 1130 5595 nutriamus.
1145 5519 1345 5584 perdocentem
1361 5537 1385 5579 et
1401 5529 1468 5583 illud
1489 5547 1673 5601 reparpnmas.
1690 5532 1765 5596 Quod

149 5576 234 5687 mend¹
266 5624 322 5682 Deo
335 5607 522 5677 sultttloler'tti
543 5611 629 5664 sethei
647 5592 848 5664 irrumpier
867 5588 930 5659 Ῥᾳ-
983 5599 1033 5635 nrsr
1046 5583 1260 5665 dsornonmnere
1279 5595 1369 5671 siusium
1389 5608 1454 5650 esset
1475 5602 1616 5663 ousuihus,
1635 5600 1764 5654 rarissimi

167 5646 215 5768 'timo‘
228 5646 257 5757 gap
269 5696 317 5754 „p
327 5688 440 5755 &miore
451 5622 560 5745 gestient
571 5675 616 5731 τάν
629 5666 757 5736 δικαστὴν
770 5660 881 5724 ἀκτῖνος,
895 5658 931 5722 εί,
984 5666 1088 5705 umorue
1101 5670 1145 5721 pur
1161 5657 1326 5712 suluurcmnr
1341 5668 1450 5720 rrrccuiri
1469 5673 1622 5737 potuissent.
1640 5669 1765 5726 ilerdae
