3817 6075
146 330 210 397 ttol
651 327 877 390 DISPUTATIO
895 325 943 387 DE
965 326 1090 387 beNbl
1110 322 1289 386 ootrtcto.
1704 317 1773 385 1102

140 463 182 498 τι·
198 441 233 496 τά
254 442 281 495 δὲ
299 440 366 510 πρός
391 456 434 504 τι,
451 442 485 511 τη
509 441 652 511 σωματικῇ
678 436 856 501 συνέζευκται
873 436 928 508 (θθ)
944 443 967 497 Α
982 446 1106 490 naturam
1121 434 1297 505 corpoream?
1312 432 1377 487 Nam
1394 447 1453 502 quse
1475 432 1555 487 sinmi
1576 440 1651 496 sum,
1671 446 1774 503 punem·

143 534 233 604 φύσει.
251 532 279 585 ‘0
293 531 395 593 δὲθεδς
408 530 693 601 ἀσώματόντιχρῆμα
709 534 756 583 καί
769 528 861 599 νοερόν
877 528 927 598 (f).
984 524 1070 577 turin
1091 524 1192 578 relatis.
1216 522 1309 576 Relatis
1335 533 1425 576 antem
1443 537 1550 576 οιιιιεεα
1575 530 1639 577 sunt
1670 532 1773 576 naturae

143 626 201 677 Οὐκ
215 622 270 688 ἄρα
283 621 342 690 ἃμα
355 620 512 690 Θεδς,θμα
526 620 639 686 κόσμος.
670 619 831 689 Ἐπελμητε
849 617 930 687 σῶμα
983 625 1140 682 corporate.
1162 616 1232 668 Deus
1252 624 1341 667 asstom
1367 629 1410 668 res
1424 626 1473 686 ¹est
1497 614 1655 682 incorpores
1677 625 1705 667 et
1732 612 1773 666 io·

138 712 157 770 ,ό
174 710 240 771 Θεδς
253 700 321 776 ᾧόίι
335 708 401 778 πρός
413 726 439 761 τι
452 708 638 771 συνέζευκται.
651 708 740 771 Μόνος
753 707 781 761 δὲ
798 707 932 776 ἀγένητος
984 705 1116 776 infligens.
1137 704 1230 774 ltaque
1257 706 1326 759 fiens
1343 714 1370 758 et
1390 707 1506 760 snoudus
1521 721 1575 760 non
1591 715 1657 760 ευιιι
1670 703 1771 770 εἰίυυί,
1838 699 1840 704 ’

144 801 192 855 καί
205 800 299 864 ἀίδιος·
319 799 356 862 ὡς
370 798 399 853 ἓν
415 800 462 852 καλ
481 799 558 863 Θεός.
574 801 611 853 Οὐ
629 799 734 871 συνορῶ
754 799 783 852 δὲ
799 800 874 860 όπως
892 800 933 861 είς
983 798 1198 866 qnandoquidem
1226 796 1295 850 [iens
1320 811 1419 865 curatus
1448 814 1500 851 non
1530 807 1584 864 est,
1612 797 1655 853 cui
1688 798 1772 852 relata

143 891 333 963 ἐναντιώματα
357 889 547 958 δοξασμάτων,
562 890 657 959 ὥσπερ
671 891 696 942 oi
720 889 866 959 μεθύοντες
882 890 931 959 (θ),
983 888 1180 942 edisserescunt.
1194 886 1273 942 Solus
1286 898 1375 943 antem
1389 891 1526 944 increatus
1541 901 1568 945 et
1580 891 1773 959 sempiternos,

143 986 236 1039 πυκνά
257 982 482 1055 περιστρέφεσθε.
503 983 534 1034 Εἰ
552 982 607 1053 γάρ
622 980 671 1051 τὴν
690 980 756 1050 ύλην
770 977 803 1052 ην
819 978 933 1051 δεξαμε-
985 987 1123 1041 utimum,
1138 988 1165 1033 et
1183 978 1264 1035 Deus.
1284 980 1429 1046 Caelestum,
1449 996 1501 1035 non
1518 982 1597 1037 rideo
1615 997 1670 1051 quo
1694 991 1775 1051 paeto

143 1080 194 1143 νην
210 1078 246 1148 (ό)
264 1078 310 1129 καί
325 1075 439 1145 τιθήνην
454 1072 598 1143 ὀνομάζειν
622 1074 686 1142 ύμῖν
710 1072 797 1139 φίλον,
813 1071 933 1124 ἀνείδεον
984 1069 1011 1121 in
1024 1070 1176 1123 contrarias
1189 1071 1349 1137 opiniones,
1366 1073 1503 1128 ebriorum
1520 1090 1606 1142 more,
1620 1075 1775 1143 frequenter

143 1172 191 1224 καί
204 1168 415 1239 ἀσχημάτιστον,
428 1165 607 1234 πεφυρμένην
618 1181 647 1216 τε
660 1162 752 1217 αύκαλ
764 1158 933 1234 πλημμελῶς
984 1158 1220 1230 circumagamini.
1247 1162 1274 1216 Si
1291 1163 1362 1216 enim
1380 1166 1522 1218 materiam
1551 1179 1632 1232 quam
1654 1174 1776 1234 recepta·

143 1262 307 1331 κινουμένην
322 1262 370 1313 συν
394 1258 491 1328 ἀταξίμ
508 1258 561 1328 ἀρα
578 1256 672 1310 λαόείν
687 1256 733 1309 τόν
756 1255 932 1327 δημιουργόν,
985 1249 1073 1303 stilum
1091 1262 1118 1305 et
1130 1252 1264 1307 nutricem
1277 1254 1372 1310 soletis
1385 1254 1532 1325 appellare,
1550 1255 1642 1310 formae
1653 1265 1680 1311 et
1708 1255 1774 1324 fign-

144 1353 193 1406 καί
215 1355 254 1415 είς
268 1351 344 1415 τάξιν
358 1351 483 1418 ἀγαγεῖν,
506 1350 553 1402 καί
576 1349 693 1419 ἡσυχίαν
710 1348 771 1401 ἀντὶ
783 1347 833 1417 τῆς
848 1363 934 1417 ταρα-
986 1355 1022 1395 τιιε
1037 1354 1189 1411 expertem,
1206 1346 1365 1414 perutislam
1380 1363 1499 1413 rursum,
1515 1359 1542 1402 et
1553 1362 1612 1401 sese
1623 1358 1774 1401 mouentum

144 1446 195 1515 χῇς
219 1444 352 1505 ἐνθεῖναι,
383 1440 494 1512 ποιηταί
520 1440 619 1493 τεκαὶ
648 1440 791 1510 μορφώσαι
814 1440 860 1491 καί
884 1439 934 1509 τῆς
986 1435 1044 1488 siue
1059 1436 1164 1502 ordine,
1183 1445 1286 1492 temere
1303 1438 1429 1507 opificem
1450 1454 1517 1494 sane
1531 1441 1669 1505 accersisse
1688 1447 1716 1493 et
1730 1438 1773 1517 ‘ad

145 1535 280 1605 προτέρας
296 1533 433 1603 ἀμορφίας
455 1529 620 1596 ἀπαλλάξαι,
640 1531 706 1601 φησί
724 1531 801 1600 μευό
819 1530 934 1583 Πλάτων
982 1523 1109 1612 'ordinem
1121 1526 1277 1593 adduxisse,
1305 1528 1527 1599 tranquillitatem
1546 1528 1605 1583 ioco
1632 1528 1773 1599 perturba·

143 1629 191 1681 τόν
206 1608 326 1695 Τίμαιον
340 1622 489 1686 συντιθείς,
508 1620 634 1675 πείθεσθε
661 1622 689 1675 δὲ
706 1622 861 1692 (1)·ύμεῑς
880 1622 936 1692 ἀρα
988 1616 1069 1670 tionis
1093 1616 1234 1683 indidisse,
1262 1628 1290 1673 et
1314 1620 1519 1690 'costforsnassm
1549 1632 1632 1691 atque
1659 1620 1772 1690 quistina

146 1714 182 1789 ἦν
198 1717 236 1785 (3)
253 1717 297 1768 ὅτε
311 1711 345 1785 ἦν
359 1714 478 1783 ἀκοσμία
493 1714 522 1765 ὲν
537 1711 576 1781 τῷ
594 1712 687 1776 παντί,
706 1712 777 1766 κατὰ
798 1712 843 1765 τδν
865 1711 936 1764 ma·
988 1704 1158 1759 deformitate
1176 1705 1318 1774 liberasse,
1342 1710 1521 1778 inquitPiato
1544 1711 1570 1765 in
1585 1725 1634 1765 suo
1661 1710 1772 1774 Timeo,

147 1825 231 1871 τωνα,
247 1808 293 1860 καλ
307 1806 355 1859 ούκ
370 1801 404 1876 ἧν
418 1804 459 1857 άδε
475 1806 488 1857 ό
502 1802 622 1873 κόσμος,
646 1806 693 1857 καί
710 1805 727 1874 η
742 1803 789 1857 νῦν
804 1804 933 1874 ἁρμονία,
953 1771 1013 1848 Bet
1030 1810 1078 1850 uos
1094 1798 1226 1852 creditis:
1253 1809 1313 1854 erat
1336 1800 1418 1871 igitur
1452 1800 1599 1876 aliquande
1615 1801 1774 1857 deformitas

147 1900 180 1951 Ei
193 1899 221 1951 δὲ
234 1896 353 1965 τοῦ-,οη
370 1894 419 1965 μὲν
432 1892 482 1962 ὕλη
494 1893 568 1947 ἔσται
581 1894 716 1958 συναῖδιος
730 1893 768 1965 τῷ
780 1894 850 1964 Θεῷ,
865 1895 936 1949 κατά
987 1886 1014 1939 in
1035 1887 1163 1944 universo
1173 1903 1205 1944 ex
1223 1889 1343 1947 Platonis
1357 1893 1506 1959 sententia,
1520 1903 1548 1948 ef
1565 1910 1618 1951 nott
1639 1905 1698 1949 erat
1729 1894 1774 1949 bic

147 2004 180 2054 γε
192 1986 237 2038 τόν
253 1984 393 2037 Πλάτωνα·
406 1981 457 2034 δδὲ
471 1982 574 2049 κόσμος
584 1982 686 2039 obnisu,
704 1983 793 2052 Ὅπερ
808 1983 833 2035 εί
848 1982 936 2047 οὕτως
988 1979 1112 2046 tntmdus,
1129 1990 1156 2035 ef
1169 1997 1229 2052 quae
1244 1999 1315 2037 ortuo
1329 1993 1373 2040 est
1391 1994 1452 2054 apta
1465 2001 1620 2055 compages.
1645 1986 1704 2041 llos
1722 2002 1772 2040 au·

147 2078 215 2149 ⁸12²·
231 2076 320 2147 χρόνῳ
333 2076 385 2146 &9²
399 2076 648 2146 δεοημιοορχῆσοῃ
662 2076 696 2130 τὰ
715 2077 779 2130 οντα
795 2077 842 2130 χαὶ
857 2078 936 2148 ὑμεῖς
987 2074 1041 2120 tem
1058 2069 1157 2137 posito,
1172 2072 1286 2126 materia
1299 2074 1406 2143 quidem
1419 2086 1478 2130 erat
1490 2075 1546 2131 Deo
1560 2078 1712 2132 :eternitate
1725 2092 1774 2147 pm

148 2169 364 2239 συνομολογεῐτε,
384 2168 431 2219 καί
450 2168 605 2238 εὐεργετεῖν
622 2168 749 2223 τδνθεδν
766 2169 936 2235 ούδαμῶςίξ
983 2156 1060 2227 juxta
1070 2162 1198 2216 eumdem
1216 2162 1372 2233 Platonem
1390 2182 1442 2221 non
1463 2168 1526 2223 item
1540 2170 1668 2224 muudus.
1696 2168 1774 2236 Quod

147 2263 233 2316 ἀϊδίου
249 2261 326 2331 φατέ·
341 2260 409 2331 ὅπερ
424 2259 479 2312 ἅνω
493 2261 540 2313 καί
552 2260 626 2314 κάτω
641 2260 779 2332 θρυλλείτε
792 2262 838 2315 καί
856 2279 935 2333 περι·
986 2249 1009 2302 Si
1024 2265 1117 2304 ίθίίίίθ
1130 2260 1181 2318 0⁵1,
1197 2256 1281 2310 eliam
1298 2271 1346 2312 108
1373 2267 1495 2327 lembore
1510 2275 1553 2315 res
1570 2261 1654 2316 fuisse
1674 2262 1774 2329 produ·

148 2357 257 2425 φςρεςε,
275 2352 507 2424 popponem&
531 2355 594 2416 τοὺς
617 2353 831 2426 ἁπλουστέρους,
847 2354 935 2424 Καηη
986 2342 1269 2409 etaseonfitemiui,et
1283 2363 1451 2420 nequaqnam
1467 2350 1626 2406 benefacere
1641 2353 1723 2405 ileum
1739 2353 1774 2407 ab

151 2447 201 2517 μὲν
214 2446 309 2513 ἀταξία
326 2445 363 2516 (6)
384 2446 433 2514 της
450 2444 516 2515 ύλης
531 2427 579 2499 καί
601 2447 617 2516 η
638 2446 740 2515 ἐσχάτη
758 2446 881 2517 ἀμορφία
896 2444 936 2516 τῷ
986 2442 1088 2489 aeteroo
1113 2435 1224 2492 dicitis:
1249 2438 1321 2507 quod
1335 2453 1424 2494 taisson
1448 2457 1555 2497 sursum
1588 2443 1714 2498 deorsum
1746 2443 1772 2497 in

151 2537 211 2606 θεῷ
224 2538 386 2607 συνάναρχος
409 2535 485 2589 ἔσται
502 2536 549 2587 καί
570 2535 703 2599 συναίδιος
727 2534 773 2587 καί
786 2536 935 2607 όμότιμος·
988 2525 1084 2593 vulgus
1099 2528 1235 2599 spargitis,
1247 2539 1274 2585 et
1285 2532 1478 2598 circumfertis,
1505 2543 1639 2589 terrentes
1665 2535 1774 2605 imperi·

151 2625 231 2678 τοῦτό
244 2641 286 2694 γε,
298 2624 350 2677 τῶν
362 2624 453 2677 αὐτῶν
468 2623 619 2694 πρεσδείιυυ
643 2624 691 2677 καί
705 2624 755 2693 τῆς
765 2623 850 2694 αὐτῆς
867 2641 936 2695 προ·
987 2617 1081 2674 liores.
1096 2621 1136 2676 Ac
1153 2623 1274 2677 ntateriae
1286 2624 1392 2692 quidem
1409 2625 1586 2691 inordinatio,
1601 2635 1629 2681 et
1650 2635 1773 2683 extrema

152 2715 295 2788 sapiaentia
307 2715 417 2787 Θεῴτῷ
438 2716 513 2785 σοφῷ
529 2716 577 2768 κοιλ
596 2715 935 2788 παγκάλιρ(7)άξισυμένη
988 2711 1143 2768 deformitas
1167 2727 1243 2783 aeque
1268 2730 1299 2769 ae
1331 2715 1402 2771 benus
1428 2731 1527 2786 expers
1553 2718 1608 2772 erit
1632 2718 1772 2787 prim-inii,

149 2808 188 2871 ὡς
207 2806 345 2876 ἀγένητος.
368 2805 405 2858 To
419 2806 448 2859 δὲ
468 2806 572 2876 σχῆμα,
589 2804 637 2858 καί
658 2805 689 2859 τό
705 2802 775 2870 είδσς
792 2807 867 2860 καὶὸ
888 2809 935 2861 χο.
987 2800 1066 2870 eique
1081 2812 1213 2856 coaeterna
1232 2814 1259 2858 et
1272 2804 1374 2859 bonore
1389 2822 1449 2877 μοι,
1472 2816 1499 2861 et
1515 2806 1608 2862 iisdem
1625 2808 1774 2864 bonoribus

150 2914 236 2969 σμος,
253 2897 366 2968 ύατερόν
380 2914 446 2950 ποτε
467 2897 627 2951 ἐπιτεθέντα
650 2900 683 2969 τῇ
699 2896 751 2971 fulg
775 2901 935 2971 φανησεται·
986 2900 1013 2945 et
1025 2891 1173 2963 privilegiis
1185 2892 1284 2949 donate
1298 2897 1396 2965 quibos
1409 2895 1482 2953 Deus
1501 2899 1610 2967 sumens
1628 2910 1656 2955 et
1669 2902 1774 2970 peritus

147 2983 370 3060 benesonantem
396 2990 426 3043 τό
451 3006 516 3044 ποτε
538 2989 725 3061 senonenses
747 2990 860 3064 ταύτης,
888 2990 936 3045 καί
987 2992 1015 3039 et
1030 2982 1153 3054 pulcher,
1176 2991 1311 3056 tanquam
1342 2987 1480 3044 increata:
1509 2988 1593 3058 figura
1626 3000 1715 3046 autem
1746 3000 1775 3047 et

148 3082 316 3152 χωρισθῆναι
339 3082 370 3134 τό
387 3081 480 3151 σχῆμα
500 3081 547 3132 καί
572 3080 603 3133 τδ
623 3075 703 3145 είδος,
730 3082 843 3153 κοίτην
867 3081 932 3153 ύληυ
948 3105 971 3166 c
988 3073 1086 3140 forma,
1104 3078 1259 3132 eimundus
1278 3087 1339 3148 pust
1365 3078 1469 3149 adiecta
1497 3083 1618 3138 materiae
1642 3078 1774 3139 videbun·

149 3171 306 3224 ἐπανελθεῖν
322 3171 361 3232 τίς
382 3170 432 3238 τὴν
447 3169 584 3240 προτέραν
596 3167 710 3233 ἀταξίαν
723 3170 770 3222 καί
784 3171 934 3242 ἀμορφίαν.
988 3160 1355 3240 ίυτ,εαήιιοεοιιυεηυειιιε
1380 3174 1488 3229 taudem
1507 3178 1540 3229 ab
1562 3175 1605 3230 iffa
1631 3192 1798 3233 recessura.
1891 3186 1893 3192 '

148 3262 191 3315 Τά
206 3263 260 3332 γάρ
271 3262 359 3334 χρόνῳ
370 3260 518 3340 ἀρχόμενα,
535 3260 622 3331 χρόνῳ
635 3263 682 3315 καί
697 3262 832 3316 παύεσθαι
849 3262 937 3333 reiqu-
987 3270 1015 3316 et
1029 3261 1179 3332 separanda
1192 3275 1253 3317 esso
1264 3261 1379 3333 liguram
1391 3274 1419 3319 et
1436 3265 1560 3332 formam,
1572 3266 1775 3340 redituramqne

150 3370 200 3406 κεν
216 3352 266 3422 (8).
285 3352 377 3424 Ὁρᾷς,
395 3353 456 3414 δσος
468 3350 550 3420 λῆρος
565 3351 673 3423 καίίόση
687 3352 832 3426 άδελτερία
849 3371 937 3425 παρα·
988 3354 1129 3406 somenam
1146 3352 1261 3407 insuam
1277 3355 1419 3423 pristinam
1433 3356 1659 3413 inordinationem
1675 3371 1703 3414 et
1724 3361 1774 3413 de·

150 3446 259 3514 πέπηγε
272 3442 479 3514 τοῖςύμετέροις
493 3441 653 3512 δοξάσμασι,
667 3443 705 3514 μὴ
715 3444 937 3516 βουλομένοιςτδν
988 3441 1164 3498 formitatem.
1191 3441 1333 3513 fiantque
1351 3447 1626 3516 temporeineipiont,
1653 3456 1775 3514 teoqmro

149 3535 217 3588 Osis
238 3533 337 3588 οὐσιῶν
361 3529 430 3586 είναι
451 3533 576 3603 ποιητὴν,
597 3534 665 3586 ἀλλά
682 3535 736 3605 γάρ
760 3537 847 3606 μόνοιν
871 3553 938 3607 σχη-
987 3536 1069 3588 etiam
1083 3535 1211 3592 desinere
1226 3547 1324 3592 natura
1339 3538 1438 3597 solent.
1466 3538 1563 3595 Cernis
1577 3548 1709 3610 quantum
1725 3540 1776 3595 de-

151 3623 254 3691 μάτων,
268 3620 347 3684 δίκην
363 3621 497 3680 τεκτόνων
510 3638 539 3673 τε
558 3622 604 3673 καί
618 3623 770 3693 ζωγράφων
792 3625 838 3677 καί
863 3625 937 3679 oino-
990 3623 1093 3691 lirimn,
1107 3634 1265 3695 quantaque
1279 3619 1397 3681 amentia
1410 3645 1516 3684 annexa
1528 3630 1564 3685 sit
1589 3631 1689 3685 uestris
1713 3644 1776 3699 oer-

149 3714 250 3782 δόμων·
263 3709 305 3777 οἷς
319 3714 344 3766 εί
363 3714 400 3783 μὴ
415 3715 561 3783 ἐτύγχανεν
575 3711 672 3785 oiseii
688 3715 757 3785 ύλη,
773 3716 822 3768 ούκ
835 3714 868 3769 άν
888 3717 939 3788 τὴν
988 3715 1172 3782 suasionibus,
1186 3718 1250 3771 dum
1264 3734 1318 3774 uon
1340 3719 1422 3775 vultis
1448 3719 1532 3775 beorn
1556 3724 1774 3778 suisstmttiamm

151 3804 257 3858 ἑαυτῶν
275 3804 452 3870 ἀπεδείξαντο
467 3807 564 3876 τέχνην
581 3808 630 3879 (θ).
645 3806 739 3871 υύτως
753 3803 800 3862 οὖν
821 3808 876 3876 ἀρα
891 3808 939 3860 καλ
987 3820 1048 3861 esse
1061 3804 1229 3871 effectorem,
1246 3810 1292 3863 sed
1304 3809 1378 3862 solus
1404 3812 1561 3880 figurarum,
1577 3812 1663 3866 instar
1686 3813 1776 3868 fabro·

150 3895 190 3966 τῷ
203 3894 262 3966 Θεῷ
281 3898 305 3949 εί
321 3899 359 3968 μη
377 3897 604 3969 ὑπῆρξενηύλη,
618 3902 676 3969 ναλκ
689 3900 722 3952 άν
741 3899 813 3952 τόνδε
828 3899 874 3951 τόν
890 3899 937 3951 κό·
987 3912 1058 3961 rum,
1078 3906 1106 3951 et
1123 3898 1268 3967 pictorum,
1285 3908 1313 3953 et
1348 3911 1525 3968 structorum,
1545 3904 1590 3971 qui
1618 3904 1678 3958 sino
1702 3919 1775 3974 prae·

153 4001 223 4054 σμον
236 3988 406 4058 ἐτεκτήνατο,
420 3989 480 4040 ούτε
494 3986 560 4059 εἶχε,
576 3991 636 4042 καθ’
647 3991 719 4058 ύμάς
734 3990 800 4060 (fd),
813 3989 938 4053 τούτους
986 3987 1058 4042 senti
1083 3989 1196 4043 materia
1215 4005 1291 4043 suam
1306 4002 1392 4044 artem
1416 3992 1603 4051 demonstrare
1627 4007 1774 4062 nequeant.

156 4073 314 4140 παγκάλους
329 4078 408 4132 αὐτοῦ
425 4078 521 4147 λόγους
541 4079 630 4150 ἐνθείη
647 4079 697 4149 της
712 4079 844 4133 είδοποιοῦ
856 4081 936 4135 δυνά·
990 4079 1132 4149 sicigitur
1147 4079 1314 4136 etiambeus
1335 4083 1386 4137 nisi
1413 4084 1554 4139 ftubuisset
1580 4085 1607 4138 in
1631 4087 1773 4159 procinctu

161 4177 245 4232 μεως.
257 4162 431 4235 Τάχαδάκαί
448 4168 538 4239 ἐνδείᾳ
552 4169 617 4240 ύλης
630 4170 758 4224 ἐλάττονα
772 4173 844 4242 ηπερ
861 4170 938 4225 ὲύού-
994 4174 1147 4242 elaterium,
1165 4174 1238 4229 bunc
1262 4174 1392 4229 mnndum
1417 4191 1469 4231 non
1501 4177 1648 4236 fabricatus
1690 4191 1774 4246 esset,

192 4314 934 4390 (semanimem.columnensis,conjugationes.
990 4322 1091 4394 absque
1108 4325 1203 4378 ordine
1220 4336 1248 4381 et
1275 4325 1430 4383 informitas
1457 4339 1590 4393 extrema,
1617 4334 1776 4404 pariterue

191 4387 231 4456 (f)
257 4385 422 4456 Ἁσώματόν
445 4406 471 4441 τι
493 4387 593 4457 χρῆμα
620 4390 669 4444 καί
681 4395 797 4459 νοερόν.
811 4391 937 4460 Ιιιεοιμο-
992 4392 1072 4456 bens,
1099 4397 1201 4464 absque
1230 4397 1362 4465 principio
1385 4401 1597 4469 erit,sitmdque
1620 4415 1730 4461 aeternae
1747 4420 1772 4464 ot

153 4473 230 4510 reum
244 4458 308 4524 quid
322 4470 350 4511 et
366 4457 502 4512 intellectu
529 4470 669 4514 constans.
688 4459 871 4514 ίιιιιίίεειιιαίε
884 4461 937 4514 mi·
952 4444 977 4504 Ῐ)
990 4461 1110 4528 ejusdem
1126 4466 1278 4531 dignitatis.
1302 4469 1403 4536 densus
1418 4471 1445 4522 in
1463 4484 1494 4524 eo
1517 4471 1589 4539 quod
1604 4477 1717 4544 :equalis
1731 4494 1775 4533 re·

153 4542 206 4578 mm
221 4535 262 4577 est
272 4540 351 4592 qnam
367 4542 411 4580 res
423 4537 526 4593 posent.
539 4526 690 4583 intellectus
704 4534 849 4595 obsettrus;
865 4532 938 4599 quod
990 4543 1102 4595 tristare,
1117 4533 1236 4601 ejusdem
1254 4539 1347 4605 ριιιιιιυ
1369 4540 1442 4593 sedis
1456 4556 1517 4594 cum
1539 4543 1592 4594 fleo
1608 4546 1653 4598 illo
1666 4548 1774 4615 sapien-

153 4596 259 4662 qdauuit
270 4604 357 4648 ισιιιοιι
369 4595 481 4650 Tarium.
491 4595 680 4651 Genebmrdns
692 4599 937 4668 t·ertitintetfiqens,·
989 4604 1095 4657 tissimo
1110 4613 1137 4657 et
1151 4621 1232 4673 snpra
1245 4613 1336 4662 omnin
1349 4611 1533 4674 ossfeherrimo
1548 4626 1773 4684 percenseatur,

151 4663 227 4730 qzuod
243 4677 295 4716 ison
312 4679 344 4718 ex
364 4665 494 4733 dignitate
511 4668 549 4719 rei
567 4677 618 4729 est,
634 4682 694 4720 eoru
709 4678 737 4721 et
759 4668 804 4720 aiii
817 4669 871 4722 sint
883 4670 937 4738 spi·
988 4673 1218 4743 qninpeingonitu
1233 4689 1261 4729 et
1273 4678 1341 4745 ipsa.
1353 4675 1412 4731 Non
1421 4691 1534 4748 possum
1548 4683 1592 4734 uic
1608 4683 1700 4740 Graeca
1717 4684 1771 4739 La·

152 4745 221 4784 raum
232 4730 419 4802 intelligentes.
431 4732 479 4787 Bn.
638 4753 640 4757 ’
990 4742 1051 4793 ίιιιίε
1066 4745 1177 4810 equari.
1195 4744 1242 4798 Bs.

189 4799 228 4870 γά)
259 4801 365 4875 Ὥσπερ
395 4805 419 4855 oi
439 4802 595 4872 μεθύοντες.
614 4801 754 4859 Proreroit
781 4806 868 4859 iocum
887 4809 937 4861 lm-
1025 4809 1063 4878 (ί)
1094 4811 1247 4879 Legetulum
1272 4822 1361 4865 austeus
1393 4817 1523 4886 πανσόρῳ
1553 4821 1601 4874 καί
1626 4823 1770 4886 παγκάλου.

154 4869 212 4922 bn..
230 4869 275 4922 Ba.
989 4877 1139 4948 Utrumque
1150 4880 1222 4932 ettim
1234 4879 1281 4932 liei
1296 4884 1379 4936 sotios
1392 4894 1445 4945 est,
1460 4897 1485 4938 et
1497 4890 1643 4945 vindis-avit
1652 4893 1702 4945 sibi
1712 4880 1771 4962 eju'ss

192 4939 228 5007 (ὅ)
248 4941 432 5011 Δεξαμενόν.
459 4942 616 5013 Δεξαμενίην
631 4942 771 4999 Nereidum
791 4960 870 5000 unam
887 4945 937 4999 fin·
987 4948 1157 5002 mursufatione
1180 4948 1285 5003 daemon
1311 4953 1338 5004 in
1357 4955 1477 5009 oraeulo.
1495 4955 1561 5010 Ντιιιι
1577 4976 1637 5014 eum
1654 4962 1769 5017 interro·

154 5007 192 5057 nit
204 5006 344 5066 lfomerus.
356 5012 438 5068 iliud.
450 5014 480 5081 Σ,
493 5015 575 5067 διάτδ
589 5008 797 5086 οἶονδεξαμενην
811 5012 937 5087 είνιιιτην
988 5027 1097 5085 geretur
1111 5019 1246 5086 quomodo
1261 5018 1312 5073 sibi
1331 5025 1478 5089 supplicari
1497 5027 1587 5083 veliet.
1603 5030 1640 5083 ita
1656 5047 1771 5099 respon·

153 5047 292 5131 ὖάλασσαο
304 5084 341 5136 ,οη
357 5083 524 5137 Εηςςηιιηος,
538 5080 606 5136 Tne,
988 5090 1042 5138 dit:
1059 5087 1196 5154 Πάνσοφε,
1214 5084 1412 5154 essentiane,
1428 5094 1626 5166 ἐνολοίστροφε,
1646 5100 1768 5166 κέκλυθι,

190 5149 227 5216 (ό)
256 5149 386 5205 Πείθεσθε
419 5153 446 5205 δὲ
476 5152 677 5207 rescribendum
709 5153 760 5207 fuit
787 5169 836 5228 pro
860 5154 937 5220 πίθος
986 5156 1091 5226 δαῖμον.
1117 5155 1273 5210 Lmtnutius
1290 5159 1336 5210 lds.
1357 5172 1377 5225 t,
1405 5176 1430 5216 e.
1458 5163 1483 5217 i.
1505 5166 1657 5223 betotare
1677 5173 1769 5239 issu-quta

150 5216 191 5270 δέ.
212 5217 280 5276 Tan.
995 5241 1046 5278 non
1062 5237 1124 5278 sunt
1135 5241 1195 5292 qum
1207 5227 1314 5297 collegit
1325 5227 1423 5284 liutius
1436 5232 1523 5289 mma
1540 5237 1566 5289 in
1577 5237 1770 5308 conjunctiores

189 5287 229 5357 (ἓν)
256 5290 326 5356 'Apo
345 5287 384 5361 ἦν
400 5290 449 5344 ὅτε
464 5285 513 5360 ἦν.
524 5289 587 5343 Erat
603 5290 685 5359 igitur
698 5307 758 5344 eom
775 5300 857 5350 esset.
877 5293 936 5349 Non
986 5293 1108 5348 dusnsunoe
1121 5310 1178 5347 ειιιιι
1197 5298 1471 5366 divinissimorum.
1488 5303 1592 5362 63.Bt.

154 5370 311 5411 rmnmutnr
328 5369 446 5429 temque,
468 5361 538 5428 quod
563 5369 680 5414 nondum
701 5359 786 5416 fuisse
814 5364 934 5433 lingitur.
1023 5365 1061 5434 (8)
1079 5365 1230 5418 [ἀνύεσθαι
1256 5367 1400 5436 πέφυκεν.
1425 5372 1540 5429 Cessare
1553 5380 1634 5433 etiam
1665 5381 1693 5437 in
1719 5397 1769 5438 tua

152 5423 200 5500 Sic
218 5425 386 5495 blaspbemia
410 5431 509 5483 Ariana
534 5430 567 5483 de
584 5431 629 5483 liei
655 5430 723 5485 Filio
747 5433 907 5500 loquebatur
927 5452 935 5489 ε
988 5445 1084 5488 natura
1100 5433 1216 5498 Ιιεδειιις
1233 5437 1257 5488 id
1273 5447 1316 5491 est
1331 5442 1649 5518 rsasuruttteroogustm.
1663 5450 1712 5508 Rs.

153 5491 221 5545 farai
242 5497 305 5547 ιίιιιιι
324 5515 375 5552 non
392 5510 458 5554 erut.
471 5498 659 5555 Genebrardns
676 5516 728 5555 non
744 5505 857 5557 attestdit
874 5506 935 5570 Ιιοε,
1033 5501 1059 5571 9)
1074 5504 1166 5555 Artem
1182 5505 1421 5565 deustottstrassent.
1437 5511 1485 5568 os.

152 5573 181 5615 et
211 5563 368 5621 obscurarit
401 5567 527 5621 fariuus.
568 5567 675 5626 Pariter
710 5573 829 5640 loquitur
855 5572 935 5638 infra,
1035 5569 1590 5645 fb)Nechabuissetseeundumrestrsm
1602 5588 1766 5659 doctrinam,

153 5633 255 5701 μίάθ.
277 5633 322 5688 [λι.
987 5641 1013 5695 in
1044 5655 1104 5711 quse
1131 5642 1276 5698 collocaret
1304 5646 1422 5706 rationes
1441 5651 1502 5713 illas
1522 5660 1767 5724 exeeiisntissimm

193 5703 231 5770 (θ)
259 5704 295 5757 '11
306 5703 364 5773 μὲν·
375 5706 492 5772 ἀταξία.
511 5707 541 5762 ΕΙ
558 5708 598 5764 sic
614 5708 658 5764 iila
673 5709 797 5767 confusio
815 5712 936 5769 materie
987 5709 1164 5767 creandarum
1179 5711 1337 5770 formarum.
1352 5715 1404 5777 Ba.
