<?xml version="1.0" encoding="UTF-8"?>
<!DOCTYPE html PUBLIC "-//W3C//DTD XHTML 1.0 Transitional//EN"
    "http://www.w3.org/TR/xhtml1/DTD/xhtml1-transitional.dtd">
<html xmlns="http://www.w3.org/1999/xhtml" xml:lang="en" lang="en">
 <head>
  <title>
</title>
<meta http-equiv="Content-Type" content="text/html;charset=utf-8" />
  <meta name='ocr-system' content='tesseract 3.04.00' />
  <meta name='ocr-capabilities' content='ocr_page ocr_carea ocr_par ocr_line ocrx_word'/>
</head>
<body>
  <div class='ocr_page' id='page_1' title='image "./patrologicursus79migngoog/patrologicursus79migngoog_0269.png"; bbox 0 0 3817 6075; ppageno 0'>
   <div class='ocr_carea' id='block_1_1' title="bbox 131 352 183 416">
    <p class='ocr_par' dir='ltr' id='par_1_1' title="bbox 131 352 183 416">
     <span class='ocr_line' id='line_1_1' title="bbox 131 352 183 416; baseline -0.077 0"><span class='ocrx_word' id='word_1_1' title='bbox 131 352 183 416; x_wconf 77' lang='grc' dir='ltr'><strong>δθλ</strong></span> 
     </span>
    </p>
   </div>
   <div class='ocr_carea' id='block_1_2' title="bbox 731 306 1160 406">
    <p class='ocr_par' dir='ltr' id='par_1_2' title="bbox 731 306 1160 406">
     <span class='ocr_line' id='line_1_2' title="bbox 731 306 1160 406; baseline -0.012 0"><span class='ocrx_word' id='word_1_2' title='bbox 731 345 872 406; x_wconf 78' lang='lat' dir='ltr'>eastun</span> <span class='ocrx_word' id='word_1_3' title='bbox 892 306 1160 405; x_wconf 81' lang='lat' dir='ltr'>saauucrevsrs</span> 
     </span>
    </p>
   </div>
   <div class='ocr_carea' id='block_1_3' title="bbox 1706 340 1757 402">
    <p class='ocr_par' dir='ltr' id='par_1_3' title="bbox 1706 340 1757 402">
     <span class='ocr_line' id='line_1_3' title="bbox 1706 340 1757 402; baseline 0 -2"><span class='ocrx_word' id='word_1_4' title='bbox 1706 340 1757 402; x_wconf 75' lang='lat' dir='ltr'>stit</span> 
     </span>
    </p>
   </div>
   <div class='ocr_carea' id='block_1_4' title="bbox 131 449 1757 527">
    <p class='ocr_par' dir='ltr' id='par_1_4' title="bbox 131 449 1757 527">
     <span class='ocr_line' id='line_1_4' title="bbox 131 449 1757 527; baseline -0.007 -11"><span class='ocrx_word' id='word_1_5' title='bbox 131 464 248 526; x_wconf 77' lang='lat' dir='ltr'>aientes,</span> <span class='ocrx_word' id='word_1_6' title='bbox 261 458 378 515; x_wconf 88' lang='lat' dir='ltr'>ciamare</span> <span class='ocrx_word' id='word_1_7' title='bbox 393 458 485 514; x_wconf 86' lang='lat' dir='ltr'>statim</span> <span class='ocrx_word' id='word_1_8' title='bbox 502 465 584 527; x_wconf 80' lang='lat' dir='ltr'>atque</span> <span class='ocrx_word' id='word_1_9' title='bbox 608 455 709 527; x_wconf 85' lang='lat' dir='ltr'>ejulatu</span> <span class='ocrx_word' id='word_1_10' title='bbox 734 456 798 511; x_wconf 88' lang='lat' dir='ltr'>totis</span> <span class='ocrx_word' id='word_1_11' title='bbox 821 470 910 524; x_wconf 88' lang='lat' dir='ltr'>perso</span> <span class='ocrx_word' id='word_1_12' title='bbox 930 464 952 519; x_wconf 76' lang='grc' dir='ltr'><strong>Α</strong></span> <span class='ocrx_word' id='word_1_13' title='bbox 971 452 1107 521; x_wconf 88' lang='grc' dir='ltr'><strong>παρθένου</strong></span> <span class='ocrx_word' id='word_1_14' title='bbox 1120 450 1247 521; x_wconf 75' lang='grc' dir='ltr'>οὐδαμῶς</span> <span class='ocrx_word' id='word_1_15' title='bbox 1268 451 1428 522; x_wconf 73' lang='grc' dir='ltr'><strong>εὑρίσκουσι</strong></span> <span class='ocrx_word' id='word_1_16' title='bbox 1444 466 1451 481; x_wconf 89' lang='grc'><em>·</em></span> <span class='ocrx_word' id='word_1_17' title='bbox 1470 450 1533 520; x_wconf 76' lang='grc' dir='ltr'><strong>βοῆς</strong></span> <span class='ocrx_word' id='word_1_18' title='bbox 1549 450 1578 503; x_wconf 81' lang='grc' dir='ltr'><strong>δὲ</strong></span> <span class='ocrx_word' id='word_1_19' title='bbox 1595 449 1644 503; x_wconf 80' lang='grc' dir='ltr'>καλ</span> <span class='ocrx_word' id='word_1_20' title='bbox 1665 451 1757 505; x_wconf 74' lang='lat' dir='ltr'>tiato-</span> 
     </span>
    </p>
   </div>
   <div class='ocr_carea' id='block_1_5' title="bbox 131 545 919 1067">
    <p class='ocr_par' dir='ltr' id='par_1_5' title="bbox 131 545 919 1067">
     <span class='ocr_line' id='line_1_5' title="bbox 131 545 915 614; baseline -0.011 -6"><span class='ocrx_word' id='word_1_21' title='bbox 131 562 197 608; x_wconf 90' lang='lat' dir='ltr'>nant</span> <span class='ocrx_word' id='word_1_22' title='bbox 222 551 323 606; x_wconf 81' lang='lat' dir='ltr'>aedibus</span> <span class='ocrx_word' id='word_1_23' title='bbox 340 568 345 604; x_wconf 96' lang='lat'><strong>:</strong></span> <span class='ocrx_word' id='word_1_24' title='bbox 361 550 396 604; x_wconf 90' lang='lat' dir='ltr'>ita</span> <span class='ocrx_word' id='word_1_25' title='bbox 414 558 444 604; x_wconf 94' lang='lat' dir='ltr'>ut</span> <span class='ocrx_word' id='word_1_26' title='bbox 458 548 600 614; x_wconf 85' lang='lat' dir='ltr'>Thcoeiea,</span> <span class='ocrx_word' id='word_1_27' title='bbox 628 545 709 603; x_wconf 89' lang='lat' dir='ltr'>simul</span> <span class='ocrx_word' id='word_1_28' title='bbox 727 562 760 601; x_wconf 89' lang='lat' dir='ltr'>ae</span> <span class='ocrx_word' id='word_1_29' title='bbox 774 546 915 609; x_wconf 80' lang='lat' dir='ltr'>intellexit,</span> 
     </span>
     <span class='ocr_line' id='line_1_6' title="bbox 132 636 916 711; baseline -0.009 -15"><span class='ocrx_word' id='word_1_30' title='bbox 132 657 212 711; x_wconf 78' lang='lat' dir='ltr'>quam</span> <span class='ocrx_word' id='word_1_31' title='bbox 230 640 265 695; x_wconf 88' lang='lat' dir='ltr'>oh</span> <span class='ocrx_word' id='word_1_32' title='bbox 278 654 386 693; x_wconf 88' lang='lat' dir='ltr'>eausam</span> <span class='ocrx_word' id='word_1_33' title='bbox 399 639 456 694; x_wconf 85' lang='lat' dir='ltr'>hacc</span> <span class='ocrx_word' id='word_1_34' title='bbox 472 636 676 693; x_wconf 78' lang='lat' dir='ltr'>vociferatione</span> <span class='ocrx_word' id='word_1_35' title='bbox 691 637 850 690; x_wconf 74' lang='lat' dir='ltr'><strong>lamentatio</strong></span> <span class='ocrx_word' id='word_1_36' title='bbox 871 650 916 691; x_wconf 91' lang='lat' dir='ltr'>ac-</span> 
     </span>
     <span class='ocr_line' id='line_1_7' title="bbox 133 726 915 800; baseline -0.012 -11"><span class='ocrx_word' id='word_1_37' title='bbox 133 733 245 797; x_wconf 86' lang='lat' dir='ltr'>cideret,</span> <span class='ocrx_word' id='word_1_38' title='bbox 264 731 417 786; x_wconf 82' lang='lat' dir='ltr'>exanimata</span> <span class='ocrx_word' id='word_1_39' title='bbox 436 732 569 800; x_wconf 89' lang='lat' dir='ltr'>protinus,</span> <span class='ocrx_word' id='word_1_40' title='bbox 586 744 651 784; x_wconf 84' lang='lat' dir='ltr'>voce</span> <span class='ocrx_word' id='word_1_41' title='bbox 671 728 744 783; x_wconf 86' lang='lat' dir='ltr'>oanni</span> <span class='ocrx_word' id='word_1_42' title='bbox 772 726 915 794; x_wconf 75' lang='lat' dir='ltr'>preciosa,</span> 
     </span>
     <span class='ocr_line' id='line_1_8' title="bbox 133 816 919 890; baseline -0.01 -13"><span class='ocrx_word' id='word_1_43' title='bbox 133 822 302 887; x_wconf 73' lang='lat' dir='ltr'>redderetur,</span> <span class='ocrx_word' id='word_1_44' title='bbox 327 820 446 890; x_wconf 86' lang='lat' dir='ltr'>urbsque</span> <span class='ocrx_word' id='word_1_45' title='bbox 461 818 586 872; x_wconf 84' lang='lat' dir='ltr'>universa</span> <span class='ocrx_word' id='word_1_46' title='bbox 598 816 678 872; x_wconf 91' lang='lat' dir='ltr'>simui</span> <span class='ocrx_word' id='word_1_47' title='bbox 695 816 767 870; x_wconf 79' lang='lat' dir='ltr'>varia</span> <span class='ocrx_word' id='word_1_48' title='bbox 786 816 919 869; x_wconf 88' lang='lat' dir='ltr'>turbatio·</span> 
     </span>
     <span class='ocr_line' id='line_1_9' title="bbox 132 906 918 980; baseline -0.009 -12"><span class='ocrx_word' id='word_1_49' title='bbox 132 928 166 968; x_wconf 86' lang='lat' dir='ltr'>ne</span> <span class='ocrx_word' id='word_1_50' title='bbox 190 911 468 980; x_wconf 77' lang='lat' dir='ltr'>concursatioacqne,</span> <span class='ocrx_word' id='word_1_51' title='bbox 499 919 524 965; x_wconf 88' lang='lat' dir='ltr'>et</span> <span class='ocrx_word' id='word_1_52' title='bbox 554 908 668 963; x_wconf 87' lang='lat' dir='ltr'>turnnitn</span> <span class='ocrx_word' id='word_1_53' title='bbox 693 906 808 977; x_wconf 82' lang='lat' dir='ltr'>populns</span> <span class='ocrx_word' id='word_1_54' title='bbox 830 906 918 975; x_wconf 85' lang='lat' dir='ltr'>repie-</span> 
     </span>
     <span class='ocr_line' id='line_1_10' title="bbox 134 995 919 1067; baseline -0.01 -11"><span class='ocrx_word' id='word_1_55' title='bbox 134 1013 219 1067; x_wconf 85' lang='lat' dir='ltr'>rctur,</span> <span class='ocrx_word' id='word_1_56' title='bbox 247 999 306 1055; x_wconf 88' lang='lat' dir='ltr'>aliis</span> <span class='ocrx_word' id='word_1_57' title='bbox 336 1000 390 1054; x_wconf 89' lang='lat' dir='ltr'>aiio</span> <span class='ocrx_word' id='word_1_58' title='bbox 419 997 644 1062; x_wconf 74' lang='lat' dir='ltr'>discurrentibus,</span> <span class='ocrx_word' id='word_1_59' title='bbox 674 1006 701 1051; x_wconf 87' lang='lat' dir='ltr'>et</span> <span class='ocrx_word' id='word_1_60' title='bbox 734 995 849 1065; x_wconf 89' lang='lat' dir='ltr'>pueliam</span> <span class='ocrx_word' id='word_1_61' title='bbox 878 996 919 1049; x_wconf 93' lang='lat' dir='ltr'>in·</span> 
     </span>
    </p>
   </div>
   <div class='ocr_carea' id='block_1_6' title="bbox 968 536 1758 1071">
    <p class='ocr_par' dir='ltr' id='par_1_6' title="bbox 968 536 1758 1071">
     <span class='ocr_line' id='line_1_11' title="bbox 968 536 1758 614; baseline -0.003 -20"><span class='ocrx_word' id='word_1_62' title='bbox 968 542 1020 611; x_wconf 85' lang='grc' dir='ltr'><strong>γῆς</strong></span> <span class='ocrx_word' id='word_1_63' title='bbox 1034 541 1165 610; x_wconf 74' lang='grc' dir='ltr'>ἐξαίφνης</span> <span class='ocrx_word' id='word_1_64' title='bbox 1186 539 1321 610; x_wconf 83' lang='grc' dir='ltr'><strong>πληροῦσι</strong></span> <span class='ocrx_word' id='word_1_65' title='bbox 1344 540 1374 593; x_wconf 79' lang='lat' dir='ltr'>ab</span> <span class='ocrx_word' id='word_1_66' title='bbox 1393 538 1547 609; x_wconf 73' lang='lat' dir='ltr'>implerier·</span> <span class='ocrx_word' id='word_1_67' title='bbox 1570 536 1609 601; x_wconf 84' lang='grc' dir='ltr'><strong>ὡς</strong></span> <span class='ocrx_word' id='word_1_68' title='bbox 1628 536 1678 614; x_wconf 78' lang='grc' dir='ltr'>τῆν</span> <span class='ocrx_word' id='word_1_69' title='bbox 1694 538 1758 592; x_wconf 84' lang='grc' dir='ltr'><strong>Θεό-</strong></span> 
     </span>
     <span class='ocr_line' id='line_1_12' title="bbox 968 624 1757 702; baseline -0.005 -16"><span class='ocrx_word' id='word_1_70' title='bbox 968 632 1071 696; x_wconf 88' lang='grc' dir='ltr'><strong>κλειαν,</strong></span> <span class='ocrx_word' id='word_1_71' title='bbox 1083 633 1125 701; x_wconf 77' lang='grc' dir='ltr'>ἐφ’</span> <span class='ocrx_word' id='word_1_72' title='bbox 1140 624 1162 698; x_wconf 81' lang='grc' dir='ltr'>ᾧ</span> <span class='ocrx_word' id='word_1_73' title='bbox 1176 631 1223 686; x_wconf 78' lang='grc' dir='ltr'>καλ</span> <span class='ocrx_word' id='word_1_74' title='bbox 1247 632 1263 702; x_wconf 80' lang='grc' dir='ltr'><strong>η</strong></span> <span class='ocrx_word' id='word_1_75' title='bbox 1282 630 1330 701; x_wconf 81' lang='grc' dir='ltr'><strong>βοῆ</strong></span> <span class='ocrx_word' id='word_1_76' title='bbox 1349 630 1425 683; x_wconf 84' lang='grc' dir='ltr'><strong>καλό</strong></span> <span class='ocrx_word' id='word_1_77' title='bbox 1442 630 1540 701; x_wconf 86' lang='grc' dir='ltr'><strong>θρῆνος</strong></span> <span class='ocrx_word' id='word_1_78' title='bbox 1556 628 1679 696; x_wconf 75' lang='grc' dir='ltr'><strong>ἐγεγόνει</strong></span> <span class='ocrx_word' id='word_1_79' title='bbox 1706 646 1757 701; x_wconf 87' lang='grc' dir='ltr'>μα-</span> 
     </span>
     <span class='ocr_line' id='line_1_13' title="bbox 968 719 1756 793; baseline -0.008 -14"><span class='ocrx_word' id='word_1_80' title='bbox 968 725 1084 792; x_wconf 76' lang='grc' dir='ltr'><strong>θοῦσαν,</strong></span> <span class='ocrx_word' id='word_1_81' title='bbox 1107 725 1208 779; x_wconf 79' lang='grc' dir='ltr'><strong>δπνουν</strong></span> <span class='ocrx_word' id='word_1_82' title='bbox 1230 723 1356 793; x_wconf 82' lang='grc' dir='ltr'><strong>γενέσθαι</strong></span> <span class='ocrx_word' id='word_1_83' title='bbox 1390 722 1437 775; x_wconf 84' lang='grc' dir='ltr'>καλ</span> <span class='ocrx_word' id='word_1_84' title='bbox 1459 720 1573 775; x_wconf 75' lang='grc' dir='ltr'><strong>ἄναυδον</strong></span> <span class='ocrx_word' id='word_1_85' title='bbox 1590 719 1708 790; x_wconf 84' lang='grc' dir='ltr'><strong>θορύδου</strong></span> <span class='ocrx_word' id='word_1_86' title='bbox 1729 737 1756 773; x_wconf 88' lang='grc' dir='ltr'>τε</span> 
     </span>
     <span class='ocr_line' id='line_1_14' title="bbox 968 810 1753 888; baseline -0.01 -17"><span class='ocrx_word' id='word_1_87' title='bbox 968 816 1038 888; x_wconf 80' lang='grc' dir='ltr'><strong>όμού</strong></span> <span class='ocrx_word' id='word_1_88' title='bbox 1050 815 1226 885; x_wconf 86' lang='grc' dir='ltr'><strong>πληρωθῆναι</strong></span> <span class='ocrx_word' id='word_1_89' title='bbox 1252 816 1342 867; x_wconf 71' lang='grc' dir='ltr'><strong>τασαν</strong></span> <span class='ocrx_word' id='word_1_90' title='bbox 1363 814 1413 881; x_wconf 78' lang='grc' dir='ltr'>τὴν</span> <span class='ocrx_word' id='word_1_91' title='bbox 1433 811 1520 873; x_wconf 88' lang='grc' dir='ltr'><strong>πόλιν,</strong></span> <span class='ocrx_word' id='word_1_92' title='bbox 1540 810 1642 881; x_wconf 90' lang='grc' dir='ltr'><strong>δρόμον</strong></span> <span class='ocrx_word' id='word_1_93' title='bbox 1664 811 1753 864; x_wconf 75' lang='grc' dir='ltr'><strong>δὲκαὶ</strong></span> 
     </span>
     <span class='ocr_line' id='line_1_15' title="bbox 968 902 1757 978; baseline -0.004 -18"><span class='ocrx_word' id='word_1_94' title='bbox 968 908 1091 977; x_wconf 82' lang='grc' dir='ltr'><strong>ταραχῆς</strong></span> <span class='ocrx_word' id='word_1_95' title='bbox 1109 907 1152 960; x_wconf 76' lang='lat' dir='ltr'>aiv</span> <span class='ocrx_word' id='word_1_96' title='bbox 1169 908 1254 978; x_wconf 82' lang='grc' dir='ltr'><strong>δῆμον</strong></span> <span class='ocrx_word' id='word_1_97' title='bbox 1268 925 1274 938; x_wconf 90' lang='grc'><em>·</em></span> <span class='ocrx_word' id='word_1_98' title='bbox 1288 905 1375 960; x_wconf 77' lang='grc' dir='ltr'><strong>ἄλλων</strong></span> <span class='ocrx_word' id='word_1_99' title='bbox 1394 902 1504 957; x_wconf 73' lang='grc' dir='ltr'><strong>ἄλλοθεν</strong></span> <span class='ocrx_word' id='word_1_100' title='bbox 1527 902 1692 956; x_wconf 72' lang='grc' dir='ltr'><strong>διαθεόντων</strong></span> <span class='ocrx_word' id='word_1_101' title='bbox 1712 904 1757 957; x_wconf 78' lang='grc' dir='ltr'>καθ</span> 
     </span>
     <span class='ocr_line' id='line_1_16' title="bbox 969 993 1757 1071; baseline -0.009 -18"><span class='ocrx_word' id='word_1_102' title='bbox 969 999 1175 1071; x_wconf 78' lang='grc' dir='ltr'><strong>ἀναζητούντων</strong></span> <span class='ocrx_word' id='word_1_103' title='bbox 1210 999 1259 1069; x_wconf 80' lang='grc' dir='ltr'>τὴν</span> <span class='ocrx_word' id='word_1_104' title='bbox 1288 997 1395 1066; x_wconf 80' lang='grc' dir='ltr'><strong>κόρην·</strong></span> <span class='ocrx_word' id='word_1_105' title='bbox 1422 995 1470 1048; x_wconf 83' lang='grc' dir='ltr'>καλ</span> <span class='ocrx_word' id='word_1_106' title='bbox 1505 995 1560 1065; x_wconf 77' lang='grc' dir='ltr'>γὰρ</span> <span class='ocrx_word' id='word_1_107' title='bbox 1588 993 1683 1064; x_wconf 81' lang='grc' dir='ltr'><strong>κοινὴν</strong></span> <span class='ocrx_word' id='word_1_108' title='bbox 1710 994 1757 1066; x_wconf 75' lang='grc' dir='ltr'>τἠν</span> 
     </span>
    </p>
   </div>
   <div class='ocr_carea' id='block_1_7' title="bbox 133 1082 1767 3436">
    <p class='ocr_par' dir='ltr' id='par_1_7' title="bbox 133 1082 1767 3436">
     <span class='ocr_line' id='line_1_17' title="bbox 135 1082 1755 1161; baseline -0.004 -18"><span class='ocrx_word' id='word_1_109' title='bbox 135 1090 332 1160; x_wconf 68' lang='lat' dir='ltr'>vestigantibus</span> <span class='ocrx_word' id='word_1_110' title='bbox 362 1106 369 1144; x_wconf 84' lang='grc' dir='ltr'><strong>ι</strong></span> <span class='ocrx_word' id='word_1_111' title='bbox 397 1089 496 1158; x_wconf 71' lang='lat' dir='ltr'>quiippe</span> <span class='ocrx_word' id='word_1_112' title='bbox 527 1088 571 1157; x_wconf 84' lang='lat' dir='ltr'>qni</span> <span class='ocrx_word' id='word_1_113' title='bbox 598 1101 768 1142; x_wconf 87' lang='lat' dir='ltr'>communem</span> <span class='ocrx_word' id='word_1_114' title='bbox 802 1086 919 1141; x_wconf 81' lang='lat' dir='ltr'>civitatis</span> <span class='ocrx_word' id='word_1_115' title='bbox 971 1082 1202 1161; x_wconf 77' lang='grc' dir='ltr'><strong>[πρός]“πόλεως</strong></span> <span class='ocrx_word' id='word_1_116' title='bbox 1215 1087 1358 1156; x_wconf 73' lang='grc' dir='ltr'><strong>συμφορὰν</strong></span> <span class='ocrx_word' id='word_1_117' title='bbox 1372 1084 1422 1154; x_wconf 87' lang='grc' dir='ltr'>τῆς</span> <span class='ocrx_word' id='word_1_118' title='bbox 1436 1083 1755 1155; x_wconf 76' lang='grc' dir='ltr'><strong>κόρηςέκαλουνφυγην.</strong></span> 
     </span>
     <span class='ocr_line' id='line_1_18' title="bbox 135 1174 1757 1251; baseline -0.004 -16"><span class='ocrx_word' id='word_1_119' title='bbox 135 1181 316 1236; x_wconf 71' lang='lat' dir='ltr'>calamitatem</span> <span class='ocrx_word' id='word_1_120' title='bbox 329 1180 441 1251; x_wconf 74' lang='lat' dir='ltr'>virginis</span> <span class='ocrx_word' id='word_1_121' title='bbox 458 1180 560 1235; x_wconf 91' lang='lat' dir='ltr'>abitum</span> <span class='ocrx_word' id='word_1_122' title='bbox 580 1180 833 1249; x_wconf 83' lang='lat' dir='ltr'>interpretarentur.</span> <span class='ocrx_word' id='word_1_123' title='bbox 853 1177 918 1246; x_wconf 77' lang='lat' dir='ltr'>Quae</span> <span class='ocrx_word' id='word_1_124' title='bbox 976 1180 1008 1233; x_wconf 86' lang='lat' dir='ltr'>&#39;ii</span> <span class='ocrx_word' id='word_1_125' title='bbox 1025 1180 1075 1249; x_wconf 87' lang='grc' dir='ltr'>μέν</span> <span class='ocrx_word' id='word_1_126' title='bbox 1090 1178 1131 1231; x_wconf 76' lang='lat' dir='ltr'>roi</span> <span class='ocrx_word' id='word_1_127' title='bbox 1143 1195 1175 1246; x_wconf 91' lang='grc' dir='ltr'><strong>γε</strong></span> <span class='ocrx_word' id='word_1_128' title='bbox 1187 1177 1277 1230; x_wconf 69' lang='lat' dir='ltr'>biota</span> <span class='ocrx_word' id='word_1_129' title='bbox 1293 1175 1454 1230; x_wconf 81' lang='grc' dir='ltr'><strong>καὶτούτων</strong></span> <span class='ocrx_word' id='word_1_130' title='bbox 1473 1175 1625 1243; x_wconf 76' lang='grc' dir='ltr'><strong>γινομένων</strong></span> <span class='ocrx_word' id='word_1_131' title='bbox 1641 1174 1757 1246; x_wconf 74' lang='grc' dir='ltr'><strong>ἐκάθητο</strong></span> 
     </span>
     <span class='ocr_line' id='line_1_19' title="bbox 133 1263 1757 1342; baseline -0.006 -18"><span class='ocrx_word' id='word_1_132' title='bbox 133 1271 197 1325; x_wconf 88' lang='lat' dir='ltr'>tium</span> <span class='ocrx_word' id='word_1_133' title='bbox 217 1271 321 1333; x_wconf 86' lang='lat' dir='ltr'>ircrent,</span> <span class='ocrx_word' id='word_1_134' title='bbox 331 1268 430 1323; x_wconf 82' lang='lat' dir='ltr'>Thecla</span> <span class='ocrx_word' id='word_1_135' title='bbox 446 1270 553 1324; x_wconf 86' lang='lat' dir='ltr'>interim</span> <span class='ocrx_word' id='word_1_136' title='bbox 568 1270 601 1324; x_wconf 87' lang='lat' dir='ltr'>ad</span> <span class='ocrx_word' id='word_1_137' title='bbox 611 1269 686 1324; x_wconf 87' lang='lat' dir='ltr'>Pauli</span> <span class='ocrx_word' id='word_1_138' title='bbox 701 1271 782 1339; x_wconf 79' lang='lat' dir='ltr'>pedes</span> <span class='ocrx_word' id='word_1_139' title='bbox 795 1268 916 1332; x_wconf 82' lang='lat' dir='ltr'>sedehat,</span> <span class='ocrx_word' id='word_1_140' title='bbox 972 1273 1021 1342; x_wconf 79' lang='grc' dir='ltr'>μὲν</span> <span class='ocrx_word' id='word_1_141' title='bbox 1038 1271 1114 1341; x_wconf 65' lang='grc' dir='ltr'><strong>παρὰ</strong></span> <span class='ocrx_word' id='word_1_142' title='bbox 1129 1271 1185 1332; x_wconf 84' lang='grc' dir='ltr'><strong>τοῖς</strong></span> <span class='ocrx_word' id='word_1_143' title='bbox 1201 1267 1307 1320; x_wconf 88' lang='grc' dir='ltr'><strong>Παύλου</strong></span> <span class='ocrx_word' id='word_1_144' title='bbox 1324 1265 1423 1319; x_wconf 78' lang='grc' dir='ltr'><strong>ποσίν·</strong></span> <span class='ocrx_word' id='word_1_145' title='bbox 1441 1263 1647 1334; x_wconf 79' lang='grc' dir='ltr'><strong>ἀκαταπλήκτῳ</strong></span> <span class='ocrx_word' id='word_1_146' title='bbox 1662 1263 1691 1317; x_wconf 80' lang='grc' dir='ltr'><strong>δὲ</strong></span> <span class='ocrx_word' id='word_1_147' title='bbox 1713 1265 1757 1317; x_wconf 79' lang='grc' dir='ltr'>καὶ</span> 
     </span>
     <span class='ocr_line' id='line_1_20' title="bbox 134 1356 1755 1433; baseline -0.004 -19"><span class='ocrx_word' id='word_1_148' title='bbox 134 1362 280 1430; x_wconf 83' lang='lat' dir='ltr'>animaque</span> <span class='ocrx_word' id='word_1_149' title='bbox 311 1361 507 1429; x_wconf 86' lang='lat' dir='ltr'>imperturbato</span> <span class='ocrx_word' id='word_1_150' title='bbox 545 1370 625 1431; x_wconf 86' lang='lat' dir='ltr'>atque</span> <span class='ocrx_word' id='word_1_151' title='bbox 656 1360 791 1430; x_wconf 87' lang='lat' dir='ltr'>intrepido</span> <span class='ocrx_word' id='word_1_152' title='bbox 828 1359 919 1414; x_wconf 84' lang='lat' dir='ltr'>diviua</span> <span class='ocrx_word' id='word_1_153' title='bbox 971 1364 1100 1433; x_wconf 71' lang='grc' dir='ltr'><strong>απτοὴτῳ</strong></span> <span class='ocrx_word' id='word_1_154' title='bbox 1119 1362 1273 1432; x_wconf 68' lang='grc' dir='ltr'><strong>φρονήματι</strong></span> <span class='ocrx_word' id='word_1_155' title='bbox 1287 1360 1341 1413; x_wconf 84' lang='grc' dir='ltr'>τῶν</span> <span class='ocrx_word' id='word_1_156' title='bbox 1357 1358 1590 1428; x_wconf 79' lang='grc' dir='ltr'><strong>θείωνδογμύτων</strong></span> <span class='ocrx_word' id='word_1_157' title='bbox 1604 1356 1755 1423; x_wconf 79' lang='grc' dir='ltr'><strong>δπῆλανεν.</strong></span> 
     </span>
     <span class='ocr_line' id='line_1_21' title="bbox 134 1448 1757 1524; baseline -0.003 -20"><span class='ocrx_word' id='word_1_158' title='bbox 134 1453 193 1519; x_wconf 81' lang='lat' dir='ltr'>ejus</span> <span class='ocrx_word' id='word_1_159' title='bbox 207 1452 328 1508; x_wconf 86' lang='lat' dir='ltr'>doctrina</span> <span class='ocrx_word' id='word_1_160' title='bbox 344 1452 426 1524; x_wconf 63' lang='lat'>248</span> <span class='ocrx_word' id='word_1_161' title='bbox 442 1452 638 1522; x_wconf 87' lang='lat' dir='ltr'>perimebatur.</span> <span class='ocrx_word' id='word_1_162' title='bbox 653 1453 711 1508; x_wconf 85' lang='lat' dir='ltr'>Hoc</span> <span class='ocrx_word' id='word_1_163' title='bbox 725 1453 782 1521; x_wconf 81' lang='lat' dir='ltr'>ipso</span> <span class='ocrx_word' id='word_1_164' title='bbox 801 1459 920 1521; x_wconf 86' lang='lat' dir='ltr'>tempore</span> <span class='ocrx_word' id='word_1_165' title='bbox 976 1455 1020 1507; x_wconf 87' lang='grc' dir='ltr'>Ἐν</span> <span class='ocrx_word' id='word_1_166' title='bbox 1037 1454 1155 1523; x_wconf 87' lang='grc' dir='ltr'><strong>τοσούτῳ</strong></span> <span class='ocrx_word' id='word_1_167' title='bbox 1169 1453 1198 1505; x_wconf 82' lang='grc' dir='ltr'><strong>δέ</strong></span> <span class='ocrx_word' id='word_1_168' title='bbox 1210 1453 1257 1506; x_wconf 83' lang='grc' dir='ltr'>καλ</span> <span class='ocrx_word' id='word_1_169' title='bbox 1271 1453 1285 1505; x_wconf 89' lang='grc' dir='ltr'><strong>ό</strong></span> <span class='ocrx_word' id='word_1_170' title='bbox 1297 1451 1421 1521; x_wconf 76' lang='grc' dir='ltr'><strong>Θάμυρις</strong></span> <span class='ocrx_word' id='word_1_171' title='bbox 1441 1450 1560 1521; x_wconf 75' lang='grc' dir='ltr'><strong>ἐπέστη,</strong></span> <span class='ocrx_word' id='word_1_172' title='bbox 1574 1448 1629 1502; x_wconf 86' lang='grc' dir='ltr'>τῶν</span> <span class='ocrx_word' id='word_1_173' title='bbox 1645 1448 1757 1501; x_wconf 80' lang='grc' dir='ltr'><strong>οἰκετῶν</strong></span> 
     </span>
     <span class='ocr_line' id='line_1_22' title="bbox 136 1540 1758 1615; baseline -0.004 -15"><span class='ocrx_word' id='word_1_174' title='bbox 136 1545 282 1615; x_wconf 76' lang='lat' dir='ltr'>Thamyris</span> <span class='ocrx_word' id='word_1_175' title='bbox 300 1544 419 1611; x_wconf 86' lang='lat' dir='ltr'>advenit,</span> <span class='ocrx_word' id='word_1_176' title='bbox 435 1544 560 1614; x_wconf 88' lang='lat' dir='ltr'>quopiam</span> <span class='ocrx_word' id='word_1_177' title='bbox 572 1558 605 1598; x_wconf 86' lang='lat' dir='ltr'>ex</span> <span class='ocrx_word' id='word_1_178' title='bbox 619 1541 727 1599; x_wconf 86' lang='lat' dir='ltr'>lamulis</span> <span class='ocrx_word' id='word_1_179' title='bbox 742 1544 785 1597; x_wconf 81' lang='lat' dir='ltr'>vix</span> <span class='ocrx_word' id='word_1_180' title='bbox 800 1544 918 1607; x_wconf 85' lang='lat' dir='ltr'>tandem,</span> <span class='ocrx_word' id='word_1_181' title='bbox 970 1562 1043 1608; x_wconf 89' lang='grc' dir='ltr'><strong>τινος</strong></span> <span class='ocrx_word' id='word_1_182' title='bbox 1060 1543 1139 1598; x_wconf 87' lang='grc' dir='ltr'><strong>τοῦτο</strong></span> <span class='ocrx_word' id='word_1_183' title='bbox 1156 1544 1233 1613; x_wconf 83' lang='grc' dir='ltr'><strong>μόλις</strong></span> <span class='ocrx_word' id='word_1_184' title='bbox 1243 1545 1497 1613; x_wconf 86' lang='grc' dir='ltr'><strong>καταμηνύσαντος,</strong></span> <span class='ocrx_word' id='word_1_185' title='bbox 1508 1541 1546 1605; x_wconf 86' lang='grc' dir='ltr'><strong>ὡς</strong></span> <span class='ocrx_word' id='word_1_186' title='bbox 1561 1540 1603 1611; x_wconf 73' lang='lat' dir='ltr'>rin</span> <span class='ocrx_word' id='word_1_187' title='bbox 1623 1541 1700 1611; x_wconf 80' lang='grc' dir='ltr'><strong>παρὰ</strong></span> <span class='ocrx_word' id='word_1_188' title='bbox 1715 1542 1758 1594; x_wconf 82' lang='lat' dir='ltr'>aba</span> 
     </span>
     <span class='ocr_line' id='line_1_23' title="bbox 136 1631 1758 1706; baseline -0.002 -17"><span class='ocrx_word' id='word_1_189' title='bbox 136 1640 205 1705; x_wconf 88' lang='lat' dir='ltr'>apud</span> <span class='ocrx_word' id='word_1_190' title='bbox 221 1637 330 1691; x_wconf 85' lang='lat' dir='ltr'>Panium</span> <span class='ocrx_word' id='word_1_191' title='bbox 345 1652 404 1692; x_wconf 88' lang='lat' dir='ltr'>esse</span> <span class='ocrx_word' id='word_1_192' title='bbox 418 1636 559 1706; x_wconf 73' lang='lat' dir='ltr'>virginem,</span> <span class='ocrx_word' id='word_1_193' title='bbox 571 1636 621 1705; x_wconf 91' lang='lat' dir='ltr'>ipsi</span> <span class='ocrx_word' id='word_1_194' title='bbox 642 1636 772 1690; x_wconf 89' lang='lat' dir='ltr'>indicium</span> <span class='ocrx_word' id='word_1_195' title='bbox 792 1634 920 1689; x_wconf 86' lang='lat' dir='ltr'>iaciente.</span> <span class='ocrx_word' id='word_1_196' title='bbox 971 1636 1106 1706; x_wconf 80' lang='grc' dir='ltr'><strong>Παῦλονή</strong></span> <span class='ocrx_word' id='word_1_197' title='bbox 1124 1635 1267 1705; x_wconf 87' lang='grc' dir='ltr'><strong>παρθένος.</strong></span> <span class='ocrx_word' id='word_1_198' title='bbox 1288 1633 1450 1703; x_wconf 78' lang='grc' dir='ltr'><strong>Εέσδραμὼν</strong></span> <span class='ocrx_word' id='word_1_199' title='bbox 1465 1632 1505 1695; x_wconf 81' lang='grc' dir='ltr'><strong>δὲ,</strong></span> <span class='ocrx_word' id='word_1_200' title='bbox 1525 1633 1573 1685; x_wconf 84' lang='grc' dir='ltr'>καλ</span> <span class='ocrx_word' id='word_1_201' title='bbox 1599 1633 1667 1685; x_wconf 80' lang='lat' dir='ltr'>abab</span> <span class='ocrx_word' id='word_1_202' title='bbox 1682 1631 1758 1685; x_wconf 87' lang='grc' dir='ltr'><strong>τοῦτο</strong></span> 
     </span>
     <span class='ocr_line' id='line_1_24' title="bbox 136 1722 1757 1797; baseline -0.002 -18"><span class='ocrx_word' id='word_1_203' title='bbox 136 1728 196 1795; x_wconf 80' lang='lat' dir='ltr'>ero</span> <span class='ocrx_word' id='word_1_204' title='bbox 212 1729 357 1793; x_wconf 86' lang='lat' dir='ltr'>intellecto,</span> <span class='ocrx_word' id='word_1_205' title='bbox 383 1728 453 1783; x_wconf 86' lang='lat' dir='ltr'>intra</span> <span class='ocrx_word' id='word_1_206' title='bbox 470 1743 499 1782; x_wconf 83' lang='lat' dir='ltr'>sta</span> <span class='ocrx_word' id='word_1_207' title='bbox 525 1727 677 1797; x_wconf 80' lang='lat' dir='ltr'>proripiens</span> <span class='ocrx_word' id='word_1_208' title='bbox 702 1727 861 1797; x_wconf 79' lang='lat' dir='ltr'>Tiramyris,</span> <span class='ocrx_word' id='word_1_209' title='bbox 881 1725 921 1779; x_wconf 82' lang='lat' dir='ltr'>ira</span> <span class='ocrx_word' id='word_1_210' title='bbox 972 1729 1142 1796; x_wconf 82' lang='grc' dir='ltr'><strong>κατανοήσας</strong></span> <span class='ocrx_word' id='word_1_211' title='bbox 1163 1726 1314 1796; x_wconf 76' lang='grc' dir='ltr'><strong>όΘόιμνρις</strong></span> <span class='ocrx_word' id='word_1_212' title='bbox 1330 1723 1507 1795; x_wconf 81' lang='grc' dir='ltr'><strong>ὲπυρπολῆθη</strong></span> <span class='ocrx_word' id='word_1_213' title='bbox 1525 1722 1630 1791; x_wconf 62' lang='lat' dir='ltr'>paviri</span> <span class='ocrx_word' id='word_1_214' title='bbox 1649 1722 1757 1793; x_wconf 77' lang='grc' dir='ltr'><strong>μᾶλλον,</strong></span> 
     </span>
     <span class='ocr_line' id='line_1_25' title="bbox 137 1811 1758 1888; baseline -0.006 -16"><span class='ocrx_word' id='word_1_215' title='bbox 137 1819 222 1888; x_wconf 76' lang='lat' dir='ltr'>inagis</span> <span class='ocrx_word' id='word_1_216' title='bbox 244 1818 425 1881; x_wconf 79' lang='lat' dir='ltr'>aestrtans,‘aal</span> <span class='ocrx_word' id='word_1_217' title='bbox 449 1818 582 1872; x_wconf 90' lang='lat' dir='ltr'>insaniam</span> <span class='ocrx_word' id='word_1_218' title='bbox 600 1816 655 1871; x_wconf 87' lang='lat' dir='ltr'>iere</span> <span class='ocrx_word' id='word_1_219' title='bbox 679 1816 861 1884; x_wconf 79' lang='lat' dir='ltr'>adigebatur:</span> <span class='ocrx_word' id='word_1_220' title='bbox 891 1821 921 1868; x_wconf 88' lang='lat' dir='ltr'>ut</span> <span class='ocrx_word' id='word_1_221' title='bbox 937 1831 958 1886; x_wconf 72' lang='grc' dir='ltr'><strong>Β</strong></span> <span class='ocrx_word' id='word_1_222' title='bbox 972 1818 1020 1872; x_wconf 82' lang='grc' dir='ltr'>καλ</span> <span class='ocrx_word' id='word_1_223' title='bbox 1045 1818 1143 1888; x_wconf 78' lang='grc' dir='ltr'><strong>μανίας</strong></span> <span class='ocrx_word' id='word_1_224' title='bbox 1168 1817 1250 1883; x_wconf 74' lang='grc' dir='ltr'><strong>ἐγγύς</strong></span> <span class='ocrx_word' id='word_1_225' title='bbox 1275 1813 1394 1885; x_wconf 76' lang='grc' dir='ltr'><strong>ῆλασεν·</strong></span> <span class='ocrx_word' id='word_1_226' title='bbox 1422 1813 1461 1876; x_wconf 83' lang='grc' dir='ltr'><strong>ὡς</strong></span> <span class='ocrx_word' id='word_1_227' title='bbox 1479 1811 1586 1883; x_wconf 75' lang='grc' dir='ltr'><strong>ἀληθῶς</strong></span> <span class='ocrx_word' id='word_1_228' title='bbox 1606 1812 1656 1882; x_wconf 82' lang='grc' dir='ltr'>τῆς</span> <span class='ocrx_word' id='word_1_229' title='bbox 1677 1812 1758 1881; x_wconf 80' lang='grc' dir='ltr'><strong>κόρης</strong></span> 
     </span>
     <span class='ocr_line' id='line_1_26' title="bbox 137 1902 1759 1978; baseline -0.001 -20"><span class='ocrx_word' id='word_1_230' title='bbox 137 1908 182 1977; x_wconf 84' lang='grc' dir='ltr'>ηιιί</span> <span class='ocrx_word' id='word_1_231' title='bbox 198 1907 327 1977; x_wconf 79' lang='lat' dir='ltr'>virginem</span> <span class='ocrx_word' id='word_1_232' title='bbox 340 1905 414 1960; x_wconf 80' lang='lat' dir='ltr'>Pauli</span> <span class='ocrx_word' id='word_1_233' title='bbox 424 1902 654 1962; x_wconf 79' lang='lat' dir='ltr'>incantationibus</span> <span class='ocrx_word' id='word_1_234' title='bbox 665 1920 727 1960; x_wconf 87' lang='lat' dir='ltr'>vero</span> <span class='ocrx_word' id='word_1_235' title='bbox 740 1903 794 1973; x_wconf 76' lang='lat' dir='ltr'>iam</span> <span class='ocrx_word' id='word_1_236' title='bbox 808 1903 920 1958; x_wconf 89' lang='lat' dir='ltr'>demen·</span> <span class='ocrx_word' id='word_1_237' title='bbox 972 1906 1281 1978; x_wconf 82' lang='grc' dir='ltr'><strong>καταμαγγανευθεέσης</strong></span> <span class='ocrx_word' id='word_1_238' title='bbox 1296 1924 1325 1958; x_wconf 85' lang='grc' dir='ltr'>τε</span> <span class='ocrx_word' id='word_1_239' title='bbox 1340 1905 1387 1958; x_wconf 82' lang='grc' dir='ltr'>καλ</span> <span class='ocrx_word' id='word_1_240' title='bbox 1401 1903 1621 1975; x_wconf 77' lang='grc' dir='ltr'><strong>διτοσυληθεέσης</strong></span> <span class='ocrx_word' id='word_1_241' title='bbox 1643 1903 1697 1955; x_wconf 88' lang='grc' dir='ltr'><strong>ὑπδ</strong></span> <span class='ocrx_word' id='word_1_242' title='bbox 1714 1903 1759 1955; x_wconf 87' lang='grc' dir='ltr'>τοῦ</span> 
     </span>
     <span class='ocr_line' id='line_1_27' title="bbox 138 1992 1760 2068; baseline -0.005 -15"><span class='ocrx_word' id='word_1_243' title='bbox 138 2010 233 2064; x_wconf 81' lang='lat' dir='ltr'>ratam,</span> <span class='ocrx_word' id='word_1_244' title='bbox 251 1999 284 2052; x_wconf 88' lang='lat' dir='ltr'>ab</span> <span class='ocrx_word' id='word_1_245' title='bbox 299 2012 385 2068; x_wconf 87' lang='lat' dir='ltr'>eoque</span> <span class='ocrx_word' id='word_1_246' title='bbox 401 1998 487 2053; x_wconf 86' lang='lat' dir='ltr'>instar</span> <span class='ocrx_word' id='word_1_247' title='bbox 501 1999 599 2068; x_wconf 72' lang='lat' dir='ltr'>praedae</span> <span class='ocrx_word' id='word_1_248' title='bbox 617 1998 761 2051; x_wconf 90' lang='lat' dir='ltr'>abductam</span> <span class='ocrx_word' id='word_1_249' title='bbox 780 1995 921 2049; x_wconf 80' lang='lat' dir='ltr'>existima·</span> <span class='ocrx_word' id='word_1_250' title='bbox 972 1999 1088 2052; x_wconf 81' lang='grc' dir='ltr'><strong>Παύλου.</strong></span> <span class='ocrx_word' id='word_1_251' title='bbox 1109 1999 1145 2050; x_wconf 81' lang='grc' dir='ltr'>Τό</span> <span class='ocrx_word' id='word_1_252' title='bbox 1163 2014 1193 2049; x_wconf 88' lang='grc' dir='ltr'>τε</span> <span class='ocrx_word' id='word_1_253' title='bbox 1209 1996 1264 2067; x_wconf 77' lang='grc' dir='ltr'>γὰρ</span> <span class='ocrx_word' id='word_1_254' title='bbox 1278 1997 1443 2066; x_wconf 71' lang='grc' dir='ltr'><strong>ἀποδρᾶναι,</strong></span> <span class='ocrx_word' id='word_1_255' title='bbox 1460 1995 1492 2047; x_wconf 82' lang='grc' dir='ltr'>τό</span> <span class='ocrx_word' id='word_1_256' title='bbox 1510 2011 1541 2047; x_wconf 87' lang='grc' dir='ltr'>τε</span> <span class='ocrx_word' id='word_1_257' title='bbox 1562 1995 1592 2047; x_wconf 83' lang='grc' dir='ltr'>έν</span> <span class='ocrx_word' id='word_1_258' title='bbox 1618 1992 1677 2066; x_wconf 75' lang='grc' dir='ltr'>χρῷ</span> <span class='ocrx_word' id='word_1_259' title='bbox 1692 1992 1760 2046; x_wconf 75' lang='lat' dir='ltr'>obrui</span> 
     </span>
     <span class='ocr_line' id='line_1_28' title="bbox 139 2084 1760 2159; baseline -0.01 -16"><span class='ocrx_word' id='word_1_260' title='bbox 139 2100 190 2143; x_wconf 91' lang='lat' dir='ltr'>rct.</span> <span class='ocrx_word' id='word_1_261' title='bbox 210 2088 276 2142; x_wconf 87' lang='lat' dir='ltr'>Nam</span> <span class='ocrx_word' id='word_1_262' title='bbox 293 2089 364 2157; x_wconf 85' lang='lat' dir='ltr'>quod</span> <span class='ocrx_word' id='word_1_263' title='bbox 382 2089 542 2159; x_wconf 76' lang='lat' dir='ltr'>atrhrgisset,</span> <span class='ocrx_word' id='word_1_264' title='bbox 565 2089 689 2158; x_wconf 87' lang='lat' dir='ltr'>quodque</span> <span class='ocrx_word' id='word_1_265' title='bbox 717 2087 753 2141; x_wconf 86' lang='lat' dir='ltr'>ita</span> <span class='ocrx_word' id='word_1_266' title='bbox 777 2099 859 2155; x_wconf 89' lang='lat' dir='ltr'>prope</span> <span class='ocrx_word' id='word_1_267' title='bbox 887 2084 921 2138; x_wconf 86' lang='lat' dir='ltr'>ati</span> <span class='ocrx_word' id='word_1_268' title='bbox 973 2090 1146 2154; x_wconf 83' lang='grc' dir='ltr'><strong>καθέζεσθαι,</strong></span> <span class='ocrx_word' id='word_1_269' title='bbox 1162 2089 1216 2142; x_wconf 85' lang='grc' dir='ltr'>τῶν</span> <span class='ocrx_word' id='word_1_270' title='bbox 1229 2088 1276 2142; x_wconf 88' lang='grc' dir='ltr'>τοῦ</span> <span class='ocrx_word' id='word_1_271' title='bbox 1293 2089 1400 2143; x_wconf 83' lang='grc' dir='ltr'><strong>Παύλου</strong></span> <span class='ocrx_word' id='word_1_272' title='bbox 1419 2088 1519 2151; x_wconf 83' lang='grc' dir='ltr'><strong>ποδῶν,</strong></span> <span class='ocrx_word' id='word_1_273' title='bbox 1542 2087 1581 2150; x_wconf 84' lang='grc' dir='ltr'><strong>ὡς</strong></span> <span class='ocrx_word' id='word_1_274' title='bbox 1601 2087 1649 2140; x_wconf 77' lang='grc' dir='ltr'>καὶ</span> <span class='ocrx_word' id='word_1_275' title='bbox 1672 2084 1760 2139; x_wconf 52' lang='grc' dir='ltr'><strong>ποτε.</strong></span> 
     </span>
     <span class='ocr_line' id='line_1_29' title="bbox 138 2175 1758 2249; baseline -0.002 -18"><span class='ocrx_word' id='word_1_276' title='bbox 138 2180 220 2248; x_wconf 75' lang='grc' dir='ltr'><strong>μούνα</strong></span> <span class='ocrx_word' id='word_1_277' title='bbox 245 2178 318 2234; x_wconf 83' lang='lat' dir='ltr'>Panii</span> <span class='ocrx_word' id='word_1_278' title='bbox 348 2179 491 2243; x_wconf 82' lang='lat' dir='ltr'>assideret,</span> <span class='ocrx_word' id='word_1_279' title='bbox 516 2187 545 2234; x_wconf 84' lang='lat' dir='ltr'>ut</span> <span class='ocrx_word' id='word_1_280' title='bbox 571 2194 622 2233; x_wconf 81' lang='lat' dir='ltr'>aaa</span> <span class='ocrx_word' id='word_1_281' title='bbox 650 2193 711 2233; x_wconf 90' lang='lat' dir='ltr'>cum</span> <span class='ocrx_word' id='word_1_282' title='bbox 742 2178 800 2247; x_wconf 88' lang='lat' dir='ltr'>ipso</span> <span class='ocrx_word' id='word_1_283' title='bbox 832 2177 922 2230; x_wconf 86' lang='lat' dir='ltr'>vineta</span> <span class='ocrx_word' id='word_1_284' title='bbox 973 2180 1065 2233; x_wconf 87' lang='grc' dir='ltr'><strong>δέσθαι</strong></span> <span class='ocrx_word' id='word_1_285' title='bbox 1085 2180 1173 2233; x_wconf 83' lang='grc' dir='ltr'><strong>δοκεῖν</strong></span> <span class='ocrx_word' id='word_1_286' title='bbox 1190 2178 1285 2249; x_wconf 76' lang='grc' dir='ltr'><strong>αὐτὴν,</strong></span> <span class='ocrx_word' id='word_1_287' title='bbox 1304 2178 1415 2249; x_wconf 83' lang='grc' dir='ltr'><strong>βεύαέαν</strong></span> <span class='ocrx_word' id='word_1_288' title='bbox 1427 2178 1515 2230; x_wconf 81' lang='grc' dir='ltr'><strong>ἐποίει</strong></span> <span class='ocrx_word' id='word_1_289' title='bbox 1540 2176 1588 2229; x_wconf 72' lang='grc' dir='ltr'>καὶ</span> <span class='ocrx_word' id='word_1_290' title='bbox 1607 2175 1758 2244; x_wconf 75' lang='grc' dir='ltr'><strong>ἀναμφίλο-</strong></span> 
     </span>
     <span class='ocr_line' id='line_1_30' title="bbox 138 2266 1761 2341; baseline -0.002 -19"><span class='ocrx_word' id='word_1_291' title='bbox 138 2285 249 2338; x_wconf 86' lang='lat' dir='ltr'>prorsus</span> <span class='ocrx_word' id='word_1_292' title='bbox 282 2271 437 2336; x_wconf 85' lang='lat' dir='ltr'>rideretur,</span> <span class='ocrx_word' id='word_1_293' title='bbox 468 2270 572 2324; x_wconf 85' lang='lat' dir='ltr'>brutam</span> <span class='ocrx_word' id='word_1_294' title='bbox 602 2270 766 2338; x_wconf 82' lang='lat' dir='ltr'>minimeque</span> <span class='ocrx_word' id='word_1_295' title='bbox 800 2267 921 2331; x_wconf 84' lang='lat' dir='ltr'>dubiam,</span> <span class='ocrx_word' id='word_1_296' title='bbox 973 2289 1021 2341; x_wconf 91' lang='grc' dir='ltr'>γον</span> <span class='ocrx_word' id='word_1_297' title='bbox 1036 2274 1092 2333; x_wconf 84' lang='grc' dir='ltr'><strong>τοῖς</strong></span> <span class='ocrx_word' id='word_1_298' title='bbox 1113 2271 1197 2341; x_wconf 86' lang='grc' dir='ltr'><strong>θριῦτι</strong></span> <span class='ocrx_word' id='word_1_299' title='bbox 1216 2270 1277 2323; x_wconf 88' lang='grc' dir='ltr'><strong>τότε</strong></span> <span class='ocrx_word' id='word_1_300' title='bbox 1299 2270 1347 2340; x_wconf 79' lang='grc' dir='ltr'>τῆν</span> <span class='ocrx_word' id='word_1_301' title='bbox 1361 2270 1391 2323; x_wconf 86' lang='grc' dir='ltr'><strong>ού</strong></span> <span class='ocrx_word' id='word_1_302' title='bbox 1414 2268 1500 2340; x_wconf 79' lang='grc' dir='ltr'><strong>καλην</strong></span> <span class='ocrx_word' id='word_1_303' title='bbox 1521 2266 1581 2320; x_wconf 76' lang='grc' dir='ltr'><strong>οὐδὲ</strong></span> <span class='ocrx_word' id='word_1_304' title='bbox 1601 2266 1691 2337; x_wconf 76' lang='grc' dir='ltr'><strong>ἀληθῆ</strong></span> <span class='ocrx_word' id='word_1_305' title='bbox 1713 2267 1761 2335; x_wconf 85' lang='grc' dir='ltr'>τῆς</span> 
     </span>
     <span class='ocr_line' id='line_1_31' title="bbox 138 2356 1761 2430; baseline -0.004 -15"><span class='ocrx_word' id='word_1_306' title='bbox 138 2360 922 2428; x_wconf 78' lang='lat' dir='ltr'>tatsamtameo,baeoinruentibuslasciviosusnteionon</span> <span class='ocrx_word' id='word_1_307' title='bbox 973 2361 1119 2430; x_wconf 75' lang='grc' dir='ltr'><strong>ἀσελγείας</strong></span> <span class='ocrx_word' id='word_1_308' title='bbox 1136 2361 1274 2414; x_wconf 83' lang='grc' dir='ltr'><strong>ὑπόνοιαν.</strong></span> <span class='ocrx_word' id='word_1_309' title='bbox 1309 2380 1319 2412; x_wconf 87' lang='grc' dir='ltr'><strong>ι</strong></span> <span class='ocrx_word' id='word_1_310' title='bbox 1346 2360 1463 2422; x_wconf 80' lang='grc' dir='ltr'><strong>Πολλούς</strong></span> <span class='ocrx_word' id='word_1_311' title='bbox 1484 2357 1605 2430; x_wconf 77' lang='grc' dir='ltr'><strong>μὲνγὰρ</strong></span> <span class='ocrx_word' id='word_1_312' title='bbox 1625 2356 1676 2428; x_wconf 81' lang='grc' dir='ltr'>ῆδη</span> <span class='ocrx_word' id='word_1_313' title='bbox 1700 2356 1761 2408; x_wconf 85' lang='grc' dir='ltr'><strong>πολ-</strong></span> 
     </span>
     <span class='ocr_line' id='line_1_32' title="bbox 138 2449 1761 2523; baseline -0.004 -16"><span class='ocrx_word' id='word_1_314' title='bbox 138 2454 316 2508; x_wconf 64' lang='grc' dir='ltr'><strong>ταπεινοῦται</strong></span> <span class='ocrx_word' id='word_1_315' title='bbox 335 2452 431 2508; x_wconf 72' lang='grc' dir='ltr'><strong>Πυθίου</strong></span> <span class='ocrx_word' id='word_1_316' title='bbox 454 2454 525 2508; x_wconf 87' lang='lat' dir='ltr'>euim</span> <span class='ocrx_word' id='word_1_317' title='bbox 553 2466 736 2522; x_wconf 78' lang='lat' dir='ltr'>saepenumero</span> <span class='ocrx_word' id='word_1_318' title='bbox 758 2466 809 2505; x_wconf 91' lang='lat' dir='ltr'>non</span> <span class='ocrx_word' id='word_1_319' title='bbox 835 2450 922 2505; x_wconf 86' lang='lat' dir='ltr'>solnm</span> <span class='ocrx_word' id='word_1_320' title='bbox 955 2453 1052 2516; x_wconf 76' lang='grc' dir='ltr'><strong>λάκις</strong></span> <span class='ocrx_word' id='word_1_321' title='bbox 1064 2453 1094 2506; x_wconf 91' lang='grc' dir='ltr'><strong>ού</strong></span> <span class='ocrx_word' id='word_1_322' title='bbox 1112 2454 1192 2521; x_wconf 91' lang='grc' dir='ltr'><strong>μόνον</strong></span> <span class='ocrx_word' id='word_1_323' title='bbox 1208 2453 1297 2523; x_wconf 84' lang='grc' dir='ltr'><strong>φαύλη</strong></span> <span class='ocrx_word' id='word_1_324' title='bbox 1312 2452 1410 2519; x_wconf 73' lang='grc' dir='ltr'><strong>πρᾶξις</strong></span> <span class='ocrx_word' id='word_1_325' title='bbox 1423 2449 1557 2513; x_wconf 82' lang='grc' dir='ltr'><strong>διὲόαλαν,</strong></span> <span class='ocrx_word' id='word_1_326' title='bbox 1575 2450 1634 2503; x_wconf 80' lang='grc' dir='ltr'><strong>ἀλλ’</strong></span> <span class='ocrx_word' id='word_1_327' title='bbox 1649 2449 1701 2520; x_wconf 82' lang='grc' dir='ltr'>ῆδη</span> <span class='ocrx_word' id='word_1_328' title='bbox 1716 2449 1761 2503; x_wconf 76' lang='grc' dir='ltr'>καὶ</span> 
     </span>
     <span class='ocr_line' id='line_1_33' title="bbox 139 2541 1762 2616; baseline -0.002 -18"><span class='ocrx_word' id='word_1_329' title='bbox 139 2546 225 2615; x_wconf 84' lang='lat' dir='ltr'>ipsum</span> <span class='ocrx_word' id='word_1_330' title='bbox 258 2547 538 2615; x_wconf 84' lang='lat' dir='ltr'>iactantimprobnm,</span> <span class='ocrx_word' id='word_1_331' title='bbox 563 2559 656 2599; x_wconf 85' lang='lat' dir='ltr'>rerum</span> <span class='ocrx_word' id='word_1_332' title='bbox 688 2545 771 2599; x_wconf 84' lang='lat' dir='ltr'>etiam</span> <span class='ocrx_word' id='word_1_333' title='bbox 794 2541 923 2597; x_wconf 77' lang='lat' dir='ltr'>velabitis</span> <span class='ocrx_word' id='word_1_334' title='bbox 976 2547 1127 2616; x_wconf 81' lang='grc' dir='ltr'><strong>οχῆμακαλ</strong></span> <span class='ocrx_word' id='word_1_335' title='bbox 1141 2546 1248 2616; x_wconf 84' lang='grc' dir='ltr'><strong>βλέμμα</strong></span> <span class='ocrx_word' id='word_1_336' title='bbox 1267 2544 1567 2616; x_wconf 84' lang='grc' dir='ltr'><strong>περιεργότερον.ιΤδ</strong></span> <span class='ocrx_word' id='word_1_337' title='bbox 1581 2543 1610 2596; x_wconf 79' lang='grc' dir='ltr'><strong>δὲ</strong></span> <span class='ocrx_word' id='word_1_338' title='bbox 1621 2542 1670 2596; x_wconf 91' lang='grc' dir='ltr'>νῦν</span> <span class='ocrx_word' id='word_1_339' title='bbox 1685 2541 1762 2595; x_wconf 85' lang='grc' dir='ltr'><strong>τοῦτο</strong></span> 
     </span>
     <span class='ocr_line' id='line_1_34' title="bbox 139 2633 1763 2707; baseline -0.001 -20"><span class='ocrx_word' id='word_1_340' title='bbox 139 2635 247 2689; x_wconf 84' lang='lat' dir='ltr'>habitus</span> <span class='ocrx_word' id='word_1_341' title='bbox 269 2637 391 2702; x_wconf 86' lang='lat' dir='ltr'>eorporis</span> <span class='ocrx_word' id='word_1_342' title='bbox 415 2645 496 2703; x_wconf 79' lang='lat' dir='ltr'>atone</span> <span class='ocrx_word' id='word_1_343' title='bbox 521 2644 646 2703; x_wconf 86' lang='lat' dir='ltr'>aspectus</span> <span class='ocrx_word' id='word_1_344' title='bbox 663 2635 741 2705; x_wconf 88' lang='lat' dir='ltr'>panio</span> <span class='ocrx_word' id='word_1_345' title='bbox 763 2633 923 2697; x_wconf 67' lang='lat' dir='ltr'>obscurior,</span> <span class='ocrx_word' id='word_1_346' title='bbox 974 2639 1024 2707; x_wconf 72' lang='grc' dir='ltr'>τὴν</span> <span class='ocrx_word' id='word_1_347' title='bbox 1043 2638 1104 2707; x_wconf 78' lang='grc' dir='ltr'><strong>ἴσην</strong></span> <span class='ocrx_word' id='word_1_348' title='bbox 1122 2638 1170 2707; x_wconf 82' lang='grc' dir='ltr'>μέν</span> <span class='ocrx_word' id='word_1_349' title='bbox 1185 2637 1303 2705; x_wconf 69' lang='grc' dir='ltr'><strong>ὑποψίαν</strong></span> <span class='ocrx_word' id='word_1_350' title='bbox 1317 2639 1374 2698; x_wconf 86' lang='grc' dir='ltr'><strong>τοῖς</strong></span> <span class='ocrx_word' id='word_1_351' title='bbox 1396 2635 1496 2705; x_wconf 79' lang='grc' dir='ltr'><strong>ὁρῶσιν</strong></span> <span class='ocrx_word' id='word_1_352' title='bbox 1516 2634 1625 2704; x_wconf 84' lang='grc' dir='ltr'><strong>έρερεν.</strong></span> <span class='ocrx_word' id='word_1_353' title='bbox 1651 2634 1690 2688; x_wconf 83' lang='grc' dir='ltr'>ού</span> <span class='ocrx_word' id='word_1_354' title='bbox 1712 2633 1763 2704; x_wconf 78' lang='grc' dir='ltr'>μην</span> 
     </span>
     <span class='ocr_line' id='line_1_35' title="bbox 138 2723 1763 2799; baseline -0.001 -19"><span class='ocrx_word' id='word_1_355' title='bbox 138 2727 278 2780; x_wconf 69' lang='lat' dir='ltr'>cattinaria</span> <span class='ocrx_word' id='word_1_356' title='bbox 298 2727 408 2794; x_wconf 80' lang='lat' dir='ltr'>obiecit.</span> <span class='ocrx_word' id='word_1_357' title='bbox 429 2748 438 2780; x_wconf 83' lang='grc' dir='ltr'>ν</span> <span class='ocrx_word' id='word_1_358' title='bbox 457 2726 546 2794; x_wconf 83' lang='lat' dir='ltr'>Quare</span> <span class='ocrx_word' id='word_1_359' title='bbox 562 2728 631 2795; x_wconf 79' lang='lat' dir='ltr'>quod</span> <span class='ocrx_word' id='word_1_360' title='bbox 644 2738 706 2780; x_wconf 91' lang='lat' dir='ltr'>tune</span> <span class='ocrx_word' id='word_1_361' title='bbox 724 2726 812 2790; x_wconf 84' lang='lat' dir='ltr'>debat,</span> <span class='ocrx_word' id='word_1_362' title='bbox 831 2740 924 2795; x_wconf 82' lang='lat' dir='ltr'>parem</span> <span class='ocrx_word' id='word_1_363' title='bbox 976 2731 1022 2782; x_wconf 81' lang='grc' dir='ltr'>καλ</span> <span class='ocrx_word' id='word_1_364' title='bbox 1042 2729 1143 2792; x_wconf 80' lang='grc' dir='ltr'><strong>εἰδότες</strong></span> <span class='ocrx_word' id='word_1_365' title='bbox 1164 2724 1198 2799; x_wconf 80' lang='grc' dir='ltr'>ῆν</span> <span class='ocrx_word' id='word_1_366' title='bbox 1222 2728 1267 2781; x_wconf 83' lang='grc' dir='ltr'>τόν</span> <span class='ocrx_word' id='word_1_367' title='bbox 1284 2727 1389 2780; x_wconf 80' lang='grc' dir='ltr'><strong>Παῦλον</strong></span> <span class='ocrx_word' id='word_1_368' title='bbox 1406 2729 1453 2780; x_wconf 82' lang='grc' dir='ltr'>καλ</span> <span class='ocrx_word' id='word_1_369' title='bbox 1468 2726 1518 2796; x_wconf 79' lang='grc' dir='ltr'>τῆν</span> <span class='ocrx_word' id='word_1_370' title='bbox 1532 2726 1648 2787; x_wconf 83' lang='grc' dir='ltr'><strong>Θέκλαν,</strong></span> <span class='ocrx_word' id='word_1_371' title='bbox 1667 2726 1697 2778; x_wconf 89' lang='grc' dir='ltr'>τό</span> <span class='ocrx_word' id='word_1_372' title='bbox 1711 2723 1763 2793; x_wconf 72' lang='grc' dir='ltr'><strong>γε’</strong></span> 
     </span>
     <span class='ocr_line' id='line_1_36' title="bbox 139 2816 1762 2888; baseline -0.001 -18"><span class='ocrx_word' id='word_1_373' title='bbox 139 2819 336 2885; x_wconf 79' lang='lat' dir='ltr'>spectatoribus</span> <span class='ocrx_word' id='word_1_374' title='bbox 366 2820 547 2886; x_wconf 79' lang='lat' dir='ltr'>suspicionem</span> <span class='ocrx_word' id='word_1_375' title='bbox 584 2818 723 2879; x_wconf 75' lang='lat' dir='ltr'>afferebat.</span> <span class='ocrx_word' id='word_1_376' title='bbox 759 2818 811 2873; x_wconf 85' lang='lat' dir='ltr'>Sed</span> <span class='ocrx_word' id='word_1_377' title='bbox 844 2833 925 2872; x_wconf 82' lang='lat' dir='ltr'>uore-</span> <span class='ocrx_word' id='word_1_378' title='bbox 976 2819 1061 2883; x_wconf 82' lang='grc' dir='ltr'><strong>οῦτως</strong></span> <span class='ocrx_word' id='word_1_379' title='bbox 1074 2819 1162 2873; x_wconf 80' lang='grc' dir='ltr'><strong>ἄτοπα</strong></span> <span class='ocrx_word' id='word_1_380' title='bbox 1178 2820 1224 2873; x_wconf 78' lang='grc' dir='ltr'>καὶ</span> <span class='ocrx_word' id='word_1_381' title='bbox 1249 2819 1373 2888; x_wconf 64' lang='lat' dir='ltr'>incepi]⁸</span> <span class='ocrx_word' id='word_1_382' title='bbox 1392 2820 1454 2871; x_wconf 82' lang='grc' dir='ltr'><strong>κατ’</strong></span> <span class='ocrx_word' id='word_1_383' title='bbox 1469 2816 1559 2871; x_wconf 83' lang='grc' dir='ltr'><strong>αὐτῶν</strong></span> <span class='ocrx_word' id='word_1_384' title='bbox 1575 2817 1762 2871; x_wconf 80' lang='grc' dir='ltr'><strong>ὑποπτεύειν·</strong></span> 
     </span>
     <span class='ocr_line' id='line_1_37' title="bbox 142 2906 1764 2980; baseline 0.002 -20"><span class='ocrx_word' id='word_1_385' title='bbox 142 2917 201 2962; x_wconf 88' lang='lat' dir='ltr'>rant</span> <span class='ocrx_word' id='word_1_386' title='bbox 210 2908 304 2977; x_wconf 83' lang='lat' dir='ltr'>utiquc</span> <span class='ocrx_word' id='word_1_387' title='bbox 321 2907 432 2962; x_wconf 79' lang='lat' dir='ltr'>Paulum</span> <span class='ocrx_word' id='word_1_388' title='bbox 444 2919 471 2963; x_wconf 90' lang='lat' dir='ltr'>et</span> <span class='ocrx_word' id='word_1_389' title='bbox 484 2909 623 2976; x_wconf 75' lang='lat' dir='ltr'>Theclam,</span> <span class='ocrx_word' id='word_1_390' title='bbox 639 2924 724 2978; x_wconf 84' lang='lat' dir='ltr'>neque</span> <span class='ocrx_word' id='word_1_391' title='bbox 735 2923 787 2978; x_wconf 85' lang='lat' dir='ltr'>qna</span> <span class='ocrx_word' id='word_1_392' title='bbox 800 2909 832 2963; x_wconf 83' lang='lat' dir='ltr'>de</span> <span class='ocrx_word' id='word_1_393' title='bbox 845 2924 925 2963; x_wconf 83' lang='lat' dir='ltr'>causa</span> <span class='ocrx_word' id='word_1_394' title='bbox 976 2909 1038 2963; x_wconf 84' lang='grc' dir='ltr'><strong>ούτε</strong></span> <span class='ocrx_word' id='word_1_395' title='bbox 1050 2912 1092 2978; x_wconf 76' lang='grc' dir='ltr'>ἐφ’</span> <span class='ocrx_word' id='word_1_396' title='bbox 1104 2906 1145 2974; x_wconf 78' lang='grc' dir='ltr'>οἷς</span> <span class='ocrx_word' id='word_1_397' title='bbox 1160 2910 1362 2978; x_wconf 81' lang='grc' dir='ltr'><strong>παρεκαθέζετο</strong></span> <span class='ocrx_word' id='word_1_398' title='bbox 1380 2912 1429 2980; x_wconf 74' lang='grc' dir='ltr'>μὲν</span> <span class='ocrx_word' id='word_1_399' title='bbox 1448 2912 1465 2980; x_wconf 80' lang='grc' dir='ltr'><strong>η</strong></span> <span class='ocrx_word' id='word_1_400' title='bbox 1487 2910 1575 2980; x_wconf 85' lang='grc' dir='ltr'><strong>κόρη,</strong></span> <span class='ocrx_word' id='word_1_401' title='bbox 1591 2909 1726 2979; x_wconf 77' lang='grc' dir='ltr'><strong>διελέγετο</strong></span> <span class='ocrx_word' id='word_1_402' title='bbox 1737 2910 1764 2963; x_wconf 72' lang='lat' dir='ltr'>bi</span> 
     </span>
     <span class='ocr_line' id='line_1_38' title="bbox 141 2997 1764 3073; baseline 0.003 -23"><span class='ocrx_word' id='word_1_403' title='bbox 141 2999 218 3069; x_wconf 77' lang='lat' dir='ltr'>virgo</span> <span class='ocrx_word' id='word_1_404' title='bbox 246 2999 354 3070; x_wconf 83' lang='lat' dir='ltr'>quidem</span> <span class='ocrx_word' id='word_1_405' title='bbox 378 3000 411 3052; x_wconf 91' lang='lat' dir='ltr'>ad</span> <span class='ocrx_word' id='word_1_406' title='bbox 434 3001 516 3068; x_wconf 84' lang='lat' dir='ltr'>pedes</span> <span class='ocrx_word' id='word_1_407' title='bbox 537 2998 608 3054; x_wconf 89' lang='lat' dir='ltr'>illins</span> <span class='ocrx_word' id='word_1_408' title='bbox 620 3002 769 3064; x_wconf 84' lang='lat' dir='ltr'>assideret,</span> <span class='ocrx_word' id='word_1_409' title='bbox 791 3000 847 3068; x_wconf 88' lang='lat' dir='ltr'>ipsc</span> <span class='ocrx_word' id='word_1_410' title='bbox 862 3013 926 3055; x_wconf 87' lang='lat' dir='ltr'>vero</span> <span class='ocrx_word' id='word_1_411' title='bbox 976 3005 990 3056; x_wconf 88' lang='grc' dir='ltr'><strong>δ</strong></span> <span class='ocrx_word' id='word_1_412' title='bbox 1015 3000 1129 3066; x_wconf 85' lang='grc' dir='ltr'><strong>Παῦλος.</strong></span> <span class='ocrx_word' id='word_1_413' title='bbox 1153 3001 1327 3073; x_wconf 78' lang='grc' dir='ltr'><strong>Θεασάμενος</strong></span> <span class='ocrx_word' id='word_1_414' title='bbox 1348 2997 1395 3056; x_wconf 73' lang='lat' dir='ltr'>obv</span> <span class='ocrx_word' id='word_1_415' title='bbox 1415 3004 1429 3054; x_wconf 87' lang='grc' dir='ltr'><strong>ό</strong></span> <span class='ocrx_word' id='word_1_416' title='bbox 1447 3000 1586 3072; x_wconf 79' lang='grc' dir='ltr'><strong>Θάμυρις,</strong></span> <span class='ocrx_word' id='word_1_417' title='bbox 1607 3000 1681 3072; x_wconf 78' lang='grc' dir='ltr'><strong>δπερ</strong></span> <span class='ocrx_word' id='word_1_418' title='bbox 1705 3000 1764 3055; x_wconf 80' lang='lat' dir='ltr'>aboi</span> 
     </span>
     <span class='ocr_line' id='line_1_39' title="bbox 141 3090 1763 3164; baseline 0.004 -24"><span class='ocrx_word' id='word_1_419' title='bbox 141 3091 239 3160; x_wconf 83' lang='lat' dir='ltr'>qrribna</span> <span class='ocrx_word' id='word_1_420' title='bbox 271 3090 304 3145; x_wconf 86' lang='lat' dir='ltr'>tle</span> <span class='ocrx_word' id='word_1_421' title='bbox 332 3091 412 3146; x_wconf 88' lang='lat' dir='ltr'>rebus</span> <span class='ocrx_word' id='word_1_422' title='bbox 438 3106 498 3146; x_wconf 87' lang='lat' dir='ltr'>eum</span> <span class='ocrx_word' id='word_1_423' title='bbox 524 3093 567 3146; x_wconf 88' lang='lat' dir='ltr'>iiia</span> <span class='ocrx_word' id='word_1_424' title='bbox 591 3092 800 3161; x_wconf 81' lang='lat' dir='ltr'>colloqueretur,</span> <span class='ocrx_word' id='word_1_425' title='bbox 826 3102 855 3144; x_wconf 89' lang='grc' dir='ltr'>ιιι</span> <span class='ocrx_word' id='word_1_426' title='bbox 872 3101 924 3145; x_wconf 88' lang='lat' dir='ltr'>tarn</span> <span class='ocrx_word' id='word_1_427' title='bbox 977 3093 1042 3164; x_wconf 80' lang='grc' dir='ltr'><strong>δνιιρ</strong></span> <span class='ocrx_word' id='word_1_428' title='bbox 1063 3094 1196 3164; x_wconf 82' lang='grc' dir='ltr'><strong>ῆλπισεν,</strong></span> <span class='ocrx_word' id='word_1_429' title='bbox 1218 3093 1403 3164; x_wconf 78' lang='grc' dir='ltr'><strong>τἠνθὲκλαν,</strong></span> <span class='ocrx_word' id='word_1_430' title='bbox 1427 3094 1483 3162; x_wconf 73' lang='grc' dir='ltr'>ἅμα</span> <span class='ocrx_word' id='word_1_431' title='bbox 1506 3092 1552 3145; x_wconf 83' lang='grc' dir='ltr'>καλ</span> <span class='ocrx_word' id='word_1_432' title='bbox 1574 3092 1619 3145; x_wconf 83' lang='grc' dir='ltr'>τόν</span> <span class='ocrx_word' id='word_1_433' title='bbox 1644 3092 1763 3155; x_wconf 85' lang='grc' dir='ltr'><strong>Παῦλον,</strong></span> 
     </span>
     <span class='ocr_line' id='line_1_40' title="bbox 142 3175 1764 3254; baseline -0.001 -18"><span class='ocrx_word' id='word_1_434' title='bbox 142 3183 259 3238; x_wconf 86' lang='lat' dir='ltr'>absurda</span> <span class='ocrx_word' id='word_1_435' title='bbox 277 3183 390 3254; x_wconf 85' lang='lat' dir='ltr'>deipsis</span> <span class='ocrx_word' id='word_1_436' title='bbox 407 3193 488 3252; x_wconf 82' lang='lat' dir='ltr'>atque</span> <span class='ocrx_word' id='word_1_437' title='bbox 504 3184 608 3252; x_wconf 85' lang='lat' dir='ltr'>impura</span> <span class='ocrx_word' id='word_1_438' title='bbox 623 3184 835 3253; x_wconf 88' lang='lat' dir='ltr'>suspicarentur.</span> <span class='ocrx_word' id='word_1_439' title='bbox 854 3184 923 3236; x_wconf 81' lang='lat' dir='ltr'>Con·</span> <span class='ocrx_word' id='word_1_440' title='bbox 938 3175 959 3229; x_wconf 85' lang='lat' dir='ltr'>C</span> <span class='ocrx_word' id='word_1_441' title='bbox 977 3183 1140 3252; x_wconf 75' lang='grc' dir='ltr'><strong>περίτρομος</strong></span> <span class='ocrx_word' id='word_1_442' title='bbox 1154 3184 1271 3250; x_wconf 76' lang='grc' dir='ltr'><strong>ἐγένετο,</strong></span> <span class='ocrx_word' id='word_1_443' title='bbox 1291 3185 1337 3236; x_wconf 81' lang='grc' dir='ltr'>καλ</span> <span class='ocrx_word' id='word_1_444' title='bbox 1364 3183 1467 3252; x_wconf 80' lang='grc' dir='ltr'><strong>έλθγγου</strong></span> <span class='ocrx_word' id='word_1_445' title='bbox 1483 3183 1591 3252; x_wconf 78' lang='grc' dir='ltr'><strong>μεστδς,</strong></span> <span class='ocrx_word' id='word_1_446' title='bbox 1614 3181 1653 3245; x_wconf 88' lang='grc' dir='ltr'><strong>ὡς</strong></span> <span class='ocrx_word' id='word_1_447' title='bbox 1668 3181 1764 3251; x_wconf 80' lang='grc' dir='ltr'><strong>μικροῦ</strong></span> 
     </span>
     <span class='ocr_line' id='line_1_41' title="bbox 143 3268 1765 3345; baseline -0.003 -16"><span class='ocrx_word' id='word_1_448' title='bbox 143 3275 262 3345; x_wconf 79' lang='lat' dir='ltr'>spicatas</span> <span class='ocrx_word' id='word_1_449' title='bbox 273 3275 355 3342; x_wconf 79' lang='lat' dir='ltr'>igitur·</span> <span class='ocrx_word' id='word_1_450' title='bbox 369 3274 524 3344; x_wconf 77' lang='lat' dir='ltr'>Thamyris,</span> <span class='ocrx_word' id='word_1_451' title='bbox 540 3276 610 3340; x_wconf 83' lang='lat' dir='ltr'>anod</span> <span class='ocrx_word' id='word_1_452' title='bbox 627 3288 676 3328; x_wconf 87' lang='lat' dir='ltr'>nec</span> <span class='ocrx_word' id='word_1_453' title='bbox 688 3274 878 3342; x_wconf 84' lang='lat' dir='ltr'>personarium</span> <span class='ocrx_word' id='word_1_454' title='bbox 895 3287 925 3328; x_wconf 86' lang='lat' dir='ltr'>sc</span> <span class='ocrx_word' id='word_1_455' title='bbox 981 3275 1027 3325; x_wconf 82' lang='grc' dir='ltr'>καλ</span> <span class='ocrx_word' id='word_1_456' title='bbox 1040 3268 1085 3336; x_wconf 85' lang='grc' dir='ltr'>ἐἰς</span> <span class='ocrx_word' id='word_1_457' title='bbox 1100 3274 1280 3344; x_wconf 79' lang='grc' dir='ltr'><strong>λειπσθυμέαν</strong></span> <span class='ocrx_word' id='word_1_458' title='bbox 1295 3273 1428 3342; x_wconf 82' lang='grc' dir='ltr'><strong>σίπολῆξαι</strong></span> <span class='ocrx_word' id='word_1_459' title='bbox 1449 3274 1496 3325; x_wconf 71' lang='grc' dir='ltr'>καὶ</span> <span class='ocrx_word' id='word_1_460' title='bbox 1510 3271 1624 3325; x_wconf 83' lang='grc' dir='ltr'><strong>θάνατον</strong></span> <span class='ocrx_word' id='word_1_461' title='bbox 1648 3273 1700 3325; x_wconf 74' lang='lat' dir='ltr'>oab</span> <span class='ocrx_word' id='word_1_462' title='bbox 1718 3271 1765 3341; x_wconf 86' lang='grc' dir='ltr'>τῆς</span> 
     </span>
     <span class='ocr_line' id='line_1_42' title="bbox 144 3362 1767 3436; baseline -0.001 -18"><span class='ocrx_word' id='word_1_463' title='bbox 144 3365 264 3419; x_wconf 86' lang='lat' dir='ltr'>visurum</span> <span class='ocrx_word' id='word_1_464' title='bbox 283 3364 640 3430; x_wconf 79' lang='lat' dir='ltr'>exspectaverat,&#39;iheciam</span> <span class='ocrx_word' id='word_1_465' title='bbox 673 3379 726 3418; x_wconf 91' lang='lat' dir='ltr'>una</span> <span class='ocrx_word' id='word_1_466' title='bbox 753 3379 814 3418; x_wconf 89' lang='lat' dir='ltr'>cam</span> <span class='ocrx_word' id='word_1_467' title='bbox 844 3362 940 3418; x_wconf 82' lang='lat' dir='ltr'>Paulo·</span> <span class='ocrx_word' id='word_1_468' title='bbox 980 3367 1050 3432; x_wconf 74' lang='grc' dir='ltr'><strong>ἄγαν</strong></span> <span class='ocrx_word' id='word_1_469' title='bbox 1065 3367 1179 3429; x_wconf 62' lang='grc' dir='ltr'><strong>ἀνύσαι</strong></span> <span class='ocrx_word' id='word_1_470' title='bbox 1204 3366 1354 3436; x_wconf 79' lang='grc' dir='ltr'><strong>Ἐρωτικῆς</strong></span> <span class='ocrx_word' id='word_1_471' title='bbox 1368 3364 1422 3434; x_wconf 77' lang='grc' dir='ltr'>γὰρ</span> <span class='ocrx_word' id='word_1_472' title='bbox 1442 3363 1541 3433; x_wconf 85' lang='grc' dir='ltr'><strong>λύττης</strong></span> <span class='ocrx_word' id='word_1_473' title='bbox 1556 3362 1767 3434; x_wconf 67' lang='grc' dir='ltr'>προλαύούσηςι</span> 
     </span>
    </p>
   </div>
   <div class='ocr_carea' id='block_1_8' title="bbox 143 3456 931 4256">
    <p class='ocr_par' dir='ltr' id='par_1_8' title="bbox 143 3456 931 4256">
     <span class='ocr_line' id='line_1_43' title="bbox 143 3456 928 3526; baseline 0 -17"><span class='ocrx_word' id='word_1_474' title='bbox 143 3471 213 3520; x_wconf 75' lang='lat' dir='ltr'>cose,</span> <span class='ocrx_word' id='word_1_475' title='bbox 229 3464 300 3511; x_wconf 85' lang='lat' dir='ltr'>totns</span> <span class='ocrx_word' id='word_1_476' title='bbox 313 3465 429 3510; x_wconf 87' lang='lat' dir='ltr'>tremore</span> <span class='ocrx_word' id='word_1_477' title='bbox 444 3472 476 3510; x_wconf 88' lang='lat' dir='ltr'>ac</span> <span class='ocrx_word' id='word_1_478' title='bbox 492 3457 624 3526; x_wconf 83' lang='lat' dir='ltr'>vertigine</span> <span class='ocrx_word' id='word_1_479' title='bbox 639 3456 745 3526; x_wconf 86' lang='lat' dir='ltr'>plenus,</span> <span class='ocrx_word' id='word_1_480' title='bbox 765 3470 867 3522; x_wconf 72' lang='lat' dir='ltr'>parum,</span> <span class='ocrx_word' id='word_1_481' title='bbox 878 3456 928 3510; x_wconf 90' lang='lat' dir='ltr'>ab·</span> 
     </span>
     <span class='ocr_line' id='line_1_44' title="bbox 146 3547 926 3617; baseline 0.003 -19"><span class='ocrx_word' id='word_1_482' title='bbox 146 3547 209 3610; x_wconf 85' lang='lat' dir='ltr'>init,</span> <span class='ocrx_word' id='word_1_483' title='bbox 229 3547 293 3616; x_wconf 86' lang='lat' dir='ltr'>quin</span> <span class='ocrx_word' id='word_1_484' title='bbox 307 3563 361 3617; x_wconf 80' lang='lat' dir='ltr'>prae</span> <span class='ocrx_word' id='word_1_485' title='bbox 378 3550 494 3602; x_wconf 83' lang='lat' dir='ltr'>araxima</span> <span class='ocrx_word' id='word_1_486' title='bbox 507 3549 616 3603; x_wconf 88' lang='lat' dir='ltr'>tristitia</span> <span class='ocrx_word' id='word_1_487' title='bbox 631 3547 753 3603; x_wconf 91' lang='lat' dir='ltr'>inanimi</span> <span class='ocrx_word' id='word_1_488' title='bbox 769 3547 926 3615; x_wconf 80' lang='lat' dir='ltr'>deliquium,</span> 
     </span>
     <span class='ocr_line' id='line_1_45' title="bbox 144 3637 928 3696; baseline 0.001 -5"><span class='ocrx_word' id='word_1_489' title='bbox 144 3638 200 3692; x_wconf 91' lang='lat' dir='ltr'>imo</span> <span class='ocrx_word' id='word_1_490' title='bbox 214 3638 241 3692; x_wconf 95' lang='lat' dir='ltr'>in</span> <span class='ocrx_word' id='word_1_491' title='bbox 254 3648 366 3693; x_wconf 85' lang='lat' dir='ltr'>mortem</span> <span class='ocrx_word' id='word_1_492' title='bbox 382 3641 521 3696; x_wconf 85' lang='lat' dir='ltr'>incideret.</span> <span class='ocrx_word' id='word_1_493' title='bbox 534 3660 544 3692; x_wconf 86' lang='grc' dir='ltr'><strong>ι</strong></span> <span class='ocrx_word' id='word_1_494' title='bbox 560 3640 609 3696; x_wconf 91' lang='lat' dir='ltr'>Ubi</span> <span class='ocrx_word' id='word_1_495' title='bbox 625 3639 697 3694; x_wconf 83' lang='lat' dir='ltr'>eadm</span> <span class='ocrx_word' id='word_1_496' title='bbox 708 3638 808 3693; x_wconf 81' lang='lat' dir='ltr'>aratoris</span> <span class='ocrx_word' id='word_1_497' title='bbox 818 3652 849 3692; x_wconf 87' lang='lat' dir='ltr'>ac</span> <span class='ocrx_word' id='word_1_498' title='bbox 861 3637 928 3692; x_wconf 80' lang='lat' dir='ltr'>zoio·</span> 
     </span>
     <span class='ocr_line' id='line_1_46' title="bbox 144 3730 928 3801; baseline 0.003 -21"><span class='ocrx_word' id='word_1_499' title='bbox 144 3730 226 3799; x_wconf 78' lang='lat' dir='ltr'>typim</span> <span class='ocrx_word' id='word_1_500' title='bbox 244 3730 331 3785; x_wconf 86' lang='lat' dir='ltr'>rabies</span> <span class='ocrx_word' id='word_1_501' title='bbox 342 3732 424 3786; x_wconf 83' lang='lat' dir='ltr'>scinci</span> <span class='ocrx_word' id='word_1_502' title='bbox 436 3741 530 3800; x_wconf 88' lang='lat' dir='ltr'>pectus</span> <span class='ocrx_word' id='word_1_503' title='bbox 545 3730 751 3801; x_wconf 71' lang='lat' dir='ltr'>preoccupavit,</span> <span class='ocrx_word' id='word_1_504' title='bbox 768 3730 794 3784; x_wconf 91' lang='lat' dir='ltr'>ia</span> <span class='ocrx_word' id='word_1_505' title='bbox 806 3739 928 3799; x_wconf 86' lang='lat' dir='ltr'>apertum</span> 
     </span>
     <span class='ocr_line' id='line_1_47' title="bbox 144 3819 930 3892; baseline 0.001 -17"><span class='ocrx_word' id='word_1_506' title='bbox 144 3819 265 3875; x_wconf 83' lang='lat' dir='ltr'>iirrorem</span> <span class='ocrx_word' id='word_1_507' title='bbox 299 3837 455 3892; x_wconf 75' lang='lat' dir='ltr'>unciamque</span> <span class='ocrx_word' id='word_1_508' title='bbox 488 3825 585 3878; x_wconf 80' lang='grc' dir='ltr'><strong>ιιιιιιιῑι</strong></span> <span class='ocrx_word' id='word_1_509' title='bbox 618 3822 749 3877; x_wconf 89' lang='lat' dir='ltr'>insaniam</span> <span class='ocrx_word' id='word_1_510' title='bbox 783 3819 827 3875; x_wconf 92' lang='lat' dir='ltr'>iiia</span> <span class='ocrx_word' id='word_1_511' title='bbox 856 3820 930 3876; x_wconf 86' lang='lat' dir='ltr'>labes</span> 
     </span>
     <span class='ocr_line' id='line_1_48' title="bbox 145 3910 931 3981; baseline -0.001 -16"><span class='ocrx_word' id='word_1_512' title='bbox 145 3911 287 3967; x_wconf 72' lang='lat' dir='ltr'>tiaratiuari</span> <span class='ocrx_word' id='word_1_513' title='bbox 309 3912 418 3968; x_wconf 78' lang='lat' dir='ltr'>solet.»</span> <span class='ocrx_word' id='word_1_514' title='bbox 449 3913 605 3981; x_wconf 79' lang='lat' dir='ltr'>corripiens</span> <span class='ocrx_word' id='word_1_515' title='bbox 628 3921 717 3966; x_wconf 86' lang='lat' dir='ltr'>tamen</span> <span class='ocrx_word' id='word_1_516' title='bbox 741 3910 852 3964; x_wconf 85' lang='lat' dir='ltr'>Panium</span> <span class='ocrx_word' id='word_1_517' title='bbox 882 3924 931 3980; x_wconf 88' lang='lat' dir='ltr'>per</span> 
     </span>
     <span class='ocr_line' id='line_1_49' title="bbox 145 3999 929 4072; baseline -0.006 -16"><span class='ocrx_word' id='word_1_518' title='bbox 145 4001 269 4071; x_wconf 83' lang='lat' dir='ltr'>publicos</span> <span class='ocrx_word' id='word_1_519' title='bbox 293 4011 320 4058; x_wconf 84' lang='lat' dir='ltr'>et</span> <span class='ocrx_word' id='word_1_520' title='bbox 342 4004 460 4072; x_wconf 85' lang='lat' dir='ltr'>privatos</span> <span class='ocrx_word' id='word_1_521' title='bbox 482 4017 585 4067; x_wconf 85' lang='lat' dir='ltr'>servos,</span> <span class='ocrx_word' id='word_1_522' title='bbox 606 4014 674 4071; x_wconf 82' lang='lat' dir='ltr'>quos</span> <span class='ocrx_word' id='word_1_523' title='bbox 691 4014 783 4055; x_wconf 90' lang='lat' dir='ltr'>secum</span> <span class='ocrx_word' id='word_1_524' title='bbox 802 3999 929 4064; x_wconf 84' lang='lat' dir='ltr'>habebat,</span> 
     </span>
     <span class='ocr_line' id='line_1_50' title="bbox 149 4092 930 4163; baseline -0.001 -17"><span class='ocrx_word' id='word_1_525' title='bbox 149 4101 282 4163; x_wconf 88' lang='lat' dir='ltr'>raptatum</span> <span class='ocrx_word' id='word_1_526' title='bbox 299 4094 324 4147; x_wconf 91' lang='lat' dir='ltr'>ia</span> <span class='ocrx_word' id='word_1_527' title='bbox 345 4095 497 4162; x_wconf 85' lang='lat' dir='ltr'>praetorinm</span> <span class='ocrx_word' id='word_1_528' title='bbox 525 4095 616 4156; x_wconf 88' lang='lat' dir='ltr'>trabit,</span> <span class='ocrx_word' id='word_1_529' title='bbox 636 4092 701 4145; x_wconf 91' lang='lat' dir='ltr'>nibil</span> <span class='ocrx_word' id='word_1_530' title='bbox 725 4100 818 4146; x_wconf 90' lang='lat' dir='ltr'>contra</span> <span class='ocrx_word' id='word_1_531' title='bbox 843 4092 930 4159; x_wconf 76' lang='lat' dir='ltr'>iiluna,</span> 
     </span>
     <span class='ocr_line' id='line_1_51' title="bbox 146 4185 928 4256; baseline 0.004 -19"><span class='ocrx_word' id='word_1_532' title='bbox 146 4198 242 4238; x_wconf 86' lang='lat' dir='ltr'>eorum</span> <span class='ocrx_word' id='word_1_533' title='bbox 258 4201 319 4254; x_wconf 80' lang='grc' dir='ltr'><strong>ηιια·</strong></span> <span class='ocrx_word' id='word_1_534' title='bbox 332 4186 373 4239; x_wconf 85' lang='lat' dir='ltr'>rei</span> <span class='ocrx_word' id='word_1_535' title='bbox 390 4185 529 4239; x_wconf 86' lang='lat' dir='ltr'>iracundia</span> <span class='ocrx_word' id='word_1_536' title='bbox 546 4186 722 4254; x_wconf 86' lang='lat' dir='ltr'>concupiscit.</span> <span class='ocrx_word' id='word_1_537' title='bbox 736 4186 779 4241; x_wconf 80' lang='lat' dir='ltr'>vei</span> <span class='ocrx_word' id='word_1_538' title='bbox 793 4186 928 4256; x_wconf 77' lang='lat' dir='ltr'>zelotypia</span> 
     </span>
    </p>
   </div>
   <div class='ocr_carea' id='block_1_9' title="bbox 981 3454 1770 4259">
    <p class='ocr_par' dir='ltr' id='par_1_9' title="bbox 981 3454 1770 4259">
     <span class='ocr_line' id='line_1_52' title="bbox 981 3454 1768 3527; baseline -0.001 -18"><span class='ocrx_word' id='word_1_539' title='bbox 981 3454 1029 3509; x_wconf 83' lang='grc' dir='ltr'>κάλ</span> <span class='ocrx_word' id='word_1_540' title='bbox 1042 3457 1218 3527; x_wconf 77' lang='grc' dir='ltr'><strong>ζηλοτυπθας,</strong></span> <span class='ocrx_word' id='word_1_541' title='bbox 1234 3459 1275 3520; x_wconf 76' lang='grc' dir='ltr'>εἰς</span> <span class='ocrx_word' id='word_1_542' title='bbox 1286 3458 1358 3527; x_wconf 84' lang='grc' dir='ltr'><strong>σαφῆ</strong></span> <span class='ocrx_word' id='word_1_543' title='bbox 1375 3458 1483 3518; x_wconf 84' lang='grc' dir='ltr'><strong>πάντως</strong></span> <span class='ocrx_word' id='word_1_544' title='bbox 1500 3455 1599 3524; x_wconf 79' lang='grc' dir='ltr'><strong>μανίαν</strong></span> <span class='ocrx_word' id='word_1_545' title='bbox 1614 3456 1661 3508; x_wconf 81' lang='grc' dir='ltr'>καλ</span> <span class='ocrx_word' id='word_1_546' title='bbox 1673 3472 1768 3526; x_wconf 85' lang='grc' dir='ltr'><strong>φρενο-</strong></span> 
     </span>
     <span class='ocr_line' id='line_1_53' title="bbox 982 3546 1769 3619; baseline -0.001 -19"><span class='ocrx_word' id='word_1_547' title='bbox 982 3547 1109 3602; x_wconf 69' lang='grc' dir='ltr'><strong>ύλὰύειαν</strong></span> <span class='ocrx_word' id='word_1_548' title='bbox 1132 3550 1245 3619; x_wconf 77' lang='grc' dir='ltr'><strong>τελευτᾷ</strong></span> <span class='ocrx_word' id='word_1_549' title='bbox 1267 3549 1297 3601; x_wconf 85' lang='grc' dir='ltr'>τὸ</span> <span class='ocrx_word' id='word_1_550' title='bbox 1319 3547 1513 3616; x_wconf 74' lang='grc' dir='ltr'><strong>δυστύχημα.»</strong></span> <span class='ocrx_word' id='word_1_551' title='bbox 1539 3547 1721 3617; x_wconf 83' lang='grc' dir='ltr'><strong>Συναρπὰσας</strong></span> <span class='ocrx_word' id='word_1_552' title='bbox 1741 3546 1769 3599; x_wconf 70' lang='grc' dir='ltr'><strong>δὲ</strong></span> 
     </span>
     <span class='ocr_line' id='line_1_54' title="bbox 982 3632 1768 3708; baseline -0.003 -17"><span class='ocrx_word' id='word_1_553' title='bbox 982 3637 1056 3708; x_wconf 80' lang='grc' dir='ltr'><strong>ὅμως</strong></span> <span class='ocrx_word' id='word_1_554' title='bbox 1072 3637 1131 3708; x_wconf 84' lang='grc' dir='ltr'><strong>μεθ’</strong></span> <span class='ocrx_word' id='word_1_555' title='bbox 1144 3632 1182 3691; x_wconf 84' lang='grc' dir='ltr'>ὧν</span> <span class='ocrx_word' id='word_1_556' title='bbox 1196 3634 1252 3708; x_wconf 80' lang='grc' dir='ltr'><strong>εἴγε</strong></span> <span class='ocrx_word' id='word_1_557' title='bbox 1269 3639 1393 3708; x_wconf 82' lang='grc' dir='ltr'><strong>δημοτῶν</strong></span> <span class='ocrx_word' id='word_1_558' title='bbox 1405 3638 1451 3691; x_wconf 80' lang='grc' dir='ltr'>καὶ</span> <span class='ocrx_word' id='word_1_559' title='bbox 1465 3635 1578 3689; x_wconf 73' lang='grc' dir='ltr'><strong>οἰκετῶν</strong></span> <span class='ocrx_word' id='word_1_560' title='bbox 1589 3637 1634 3689; x_wconf 71' lang='grc' dir='ltr'>τὸν</span> <span class='ocrx_word' id='word_1_561' title='bbox 1654 3635 1768 3699; x_wconf 79' lang='grc' dir='ltr'><strong>Παῦλον,</strong></span> 
     </span>
     <span class='ocr_line' id='line_1_55' title="bbox 983 3729 1769 3802; baseline -0.005 -17"><span class='ocrx_word' id='word_1_562' title='bbox 983 3732 1044 3799; x_wconf 77' lang='grc' dir='ltr'><strong>ἄγει</strong></span> <span class='ocrx_word' id='word_1_563' title='bbox 1062 3731 1181 3802; x_wconf 69' lang='grc' dir='ltr'><strong>φοράδην</strong></span> <span class='ocrx_word' id='word_1_564' title='bbox 1202 3734 1276 3801; x_wconf 61' lang='grc' dir='ltr'><strong>παρὰ</strong></span> <span class='ocrx_word' id='word_1_565' title='bbox 1290 3732 1321 3783; x_wconf 76' lang='lat' dir='ltr'>ab</span> <span class='ocrx_word' id='word_1_566' title='bbox 1341 3732 1538 3801; x_wconf 77' lang='grc' dir='ltr'><strong>δικαστήριον·</strong></span> <span class='ocrx_word' id='word_1_567' title='bbox 1556 3729 1634 3784; x_wconf 78' lang='grc' dir='ltr'><strong>οῦδὲν</strong></span> <span class='ocrx_word' id='word_1_568' title='bbox 1650 3731 1769 3802; x_wconf 71' lang='grc' dir='ltr'><strong>ἄρρητον</strong></span> 
     </span>
     <span class='ocr_line' id='line_1_56' title="bbox 983 3814 1770 3892; baseline -0.003 -18"><span class='ocrx_word' id='word_1_569' title='bbox 983 3822 1059 3874; x_wconf 82' lang='grc' dir='ltr'><strong>οὐδὲν</strong></span> <span class='ocrx_word' id='word_1_570' title='bbox 1075 3822 1225 3892; x_wconf 78' lang='grc' dir='ltr'><strong>ἄπρακτον,</strong></span> <span class='ocrx_word' id='word_1_571' title='bbox 1244 3814 1281 3873; x_wconf 81' lang='grc' dir='ltr'>ὧν</span> <span class='ocrx_word' id='word_1_572' title='bbox 1306 3820 1412 3892; x_wconf 77' lang='grc' dir='ltr'>θυμόςι</span> <span class='ocrx_word' id='word_1_573' title='bbox 1431 3837 1461 3873; x_wconf 86' lang='grc' dir='ltr'>τε</span> <span class='ocrx_word' id='word_1_574' title='bbox 1483 3819 1608 3891; x_wconf 87' lang='grc' dir='ltr'><strong>βούλεται</strong></span> <span class='ocrx_word' id='word_1_575' title='bbox 1625 3822 1674 3874; x_wconf 82' lang='grc' dir='ltr'>καλ</span> <span class='ocrx_word' id='word_1_576' title='bbox 1692 3821 1770 3889; x_wconf 73' lang='grc' dir='ltr'><strong>ζηλσ·</strong></span> 
     </span>
     <span class='ocr_line' id='line_1_57' title="bbox 984 3910 1767 3984; baseline -0.001 -17"><span class='ocrx_word' id='word_1_577' title='bbox 984 3914 1067 3967; x_wconf 77' lang='lat' dir='ltr'>anaia</span> <span class='ocrx_word' id='word_1_578' title='bbox 1084 3914 1309 3984; x_wconf 81' lang='grc' dir='ltr'><strong>παρακελεύεται,</strong></span> <span class='ocrx_word' id='word_1_579' title='bbox 1326 3913 1410 3977; x_wconf 79' lang='grc' dir='ltr'><strong>ἐάσας</strong></span> <span class='ocrx_word' id='word_1_580' title='bbox 1427 3912 1498 3966; x_wconf 76' lang='grc' dir='ltr'><strong>κατὰ</strong></span> <span class='ocrx_word' id='word_1_581' title='bbox 1519 3910 1566 3964; x_wconf 82' lang='grc' dir='ltr'>τοῦ</span> <span class='ocrx_word' id='word_1_582' title='bbox 1587 3913 1715 3966; x_wconf 88' lang='grc' dir='ltr'><strong>Παύλου·</strong></span> <span class='ocrx_word' id='word_1_583' title='bbox 1734 3913 1767 3974; x_wconf 68' lang='grc' dir='ltr'><strong>ὡς</strong></span> 
     </span>
     <span class='ocr_line' id='line_1_58' title="bbox 985 4000 1767 4076; baseline -0.003 -18"><span class='ocrx_word' id='word_1_584' title='bbox 985 4007 1031 4058; x_wconf 83' lang='grc' dir='ltr'>καλ</span> <span class='ocrx_word' id='word_1_585' title='bbox 1044 4005 1089 4059; x_wconf 83' lang='grc' dir='ltr'>τθν</span> <span class='ocrx_word' id='word_1_586' title='bbox 1106 4006 1260 4059; x_wconf 82' lang='grc' dir='ltr'><strong>Κεστθλλιον</strong></span> <span class='ocrx_word' id='word_1_587' title='bbox 1271 4005 1365 4076; x_wconf 74' lang='grc' dir='ltr'><strong>ηθνομα</strong></span> <span class='ocrx_word' id='word_1_588' title='bbox 1375 4004 1403 4056; x_wconf 82' lang='grc' dir='ltr'><strong>δὲ</strong></span> <span class='ocrx_word' id='word_1_589' title='bbox 1419 4000 1453 4074; x_wconf 83' lang='grc' dir='ltr'>ἦν</span> <span class='ocrx_word' id='word_1_590' title='bbox 1465 4002 1544 4056; x_wconf 84' lang='grc' dir='ltr'><strong>τοῦτο</strong></span> <span class='ocrx_word' id='word_1_591' title='bbox 1560 4002 1598 4074; x_wconf 80' lang='grc' dir='ltr'>τῷ</span> <span class='ocrx_word' id='word_1_592' title='bbox 1614 4003 1767 4074; x_wconf 65' lang='grc' dir='ltr'><strong>ἀνθυπάτω)</strong></span> 
     </span>
     <span class='ocr_line' id='line_1_59' title="bbox 986 4092 1770 4167; baseline -0.001 -18"><span class='ocrx_word' id='word_1_593' title='bbox 986 4097 1141 4167; x_wconf 82' lang='grc' dir='ltr'><strong>φειδόμενον</strong></span> <span class='ocrx_word' id='word_1_594' title='bbox 1160 4098 1206 4150; x_wconf 83' lang='grc' dir='ltr'>τοῦ</span> <span class='ocrx_word' id='word_1_595' title='bbox 1223 4098 1351 4152; x_wconf 83' lang='grc' dir='ltr'><strong>Παύλου·</strong></span> <span class='ocrx_word' id='word_1_596' title='bbox 1371 4097 1417 4149; x_wconf 80' lang='grc' dir='ltr'>καὶ</span> <span class='ocrx_word' id='word_1_597' title='bbox 1439 4095 1493 4166; x_wconf 71' lang='grc' dir='ltr'>γὰρ</span> <span class='ocrx_word' id='word_1_598' title='bbox 1510 4092 1626 4148; x_wconf 79' lang='grc' dir='ltr'><strong>ἑαλώκει</strong></span> <span class='ocrx_word' id='word_1_599' title='bbox 1642 4095 1698 4148; x_wconf 84' lang='grc' dir='ltr'>τῶν</span> <span class='ocrx_word' id='word_1_600' title='bbox 1722 4097 1770 4148; x_wconf 82' lang='grc' dir='ltr'>ἀν·</span> 
     </span>
     <span class='ocr_line' id='line_1_60' title="bbox 985 4185 1767 4259; baseline -0.006 -19"><span class='ocrx_word' id='word_1_601' title='bbox 985 4188 1057 4257; x_wconf 89' lang='grc' dir='ltr'><strong>δρδς,</strong></span> <span class='ocrx_word' id='word_1_602' title='bbox 1075 4188 1121 4240; x_wconf 76' lang='grc' dir='ltr'>καί</span> <span class='ocrx_word' id='word_1_603' title='bbox 1139 4205 1181 4250; x_wconf 90' lang='grc' dir='ltr'>τις</span> <span class='ocrx_word' id='word_1_604' title='bbox 1195 4189 1224 4241; x_wconf 78' lang='grc' dir='ltr'><strong>δὲ</strong></span> <span class='ocrx_word' id='word_1_605' title='bbox 1246 4190 1295 4240; x_wconf 87' lang='grc' dir='ltr'>καλ</span> <span class='ocrx_word' id='word_1_606' title='bbox 1318 4186 1487 4259; x_wconf 85' lang='grc' dir='ltr'><strong>εθσεληλύθει</strong></span> <span class='ocrx_word' id='word_1_607' title='bbox 1511 4185 1594 4250; x_wconf 86' lang='grc' dir='ltr'><strong>πόθος</strong></span> <span class='ocrx_word' id='word_1_608' title='bbox 1616 4186 1697 4240; x_wconf 88' lang='grc' dir='ltr'><strong>αύτδν</strong></span> <span class='ocrx_word' id='word_1_609' title='bbox 1714 4185 1767 4237; x_wconf 85' lang='grc' dir='ltr'>τῶν</span> 
     </span>
    </p>
   </div>
   <div class='ocr_carea' id='block_1_10' title="bbox 150 4273 1777 5529">
    <p class='ocr_par' dir='ltr' id='par_1_10' title="bbox 150 4273 1777 5529">
     <span class='ocr_line' id='line_1_61' title="bbox 150 4273 1762 4350; baseline 0.002 -24"><span class='ocrx_word' id='word_1_610' title='bbox 150 4275 254 4337; x_wconf 84' lang='lat' dir='ltr'>suadet,</span> <span class='ocrx_word' id='word_1_611' title='bbox 284 4275 413 4327; x_wconf 92' lang='lat' dir='ltr'>indictum</span> <span class='ocrx_word' id='word_1_612' title='bbox 443 4273 624 4341; x_wconf 79' lang='lat' dir='ltr'>iniectumque</span> <span class='ocrx_word' id='word_1_613' title='bbox 647 4277 874 4342; x_wconf 74' lang='lat' dir='ltr'>pretermittens:</span> <span class='ocrx_word' id='word_1_614' title='bbox 904 4285 934 4330; x_wconf 92' lang='lat' dir='ltr'>nt</span> <span class='ocrx_word' id='word_1_615' title='bbox 987 4279 1057 4349; x_wconf 77' lang='grc' dir='ltr'><strong>ὑπὲρ</strong></span> <span class='ocrx_word' id='word_1_616' title='bbox 1072 4279 1211 4340; x_wconf 81' lang='grc' dir='ltr'><strong>εὐσεύεθας</strong></span> <span class='ocrx_word' id='word_1_617' title='bbox 1233 4281 1278 4332; x_wconf 80' lang='grc' dir='ltr'>ὑπ’</span> <span class='ocrx_word' id='word_1_618' title='bbox 1294 4279 1376 4333; x_wconf 78' lang='grc' dir='ltr'><strong>αὐτοῦ</strong></span> <span class='ocrx_word' id='word_1_619' title='bbox 1395 4280 1572 4350; x_wconf 83' lang='grc' dir='ltr'><strong>λεγομένων·</strong></span> <span class='ocrx_word' id='word_1_620' title='bbox 1593 4279 1665 4334; x_wconf 71' lang='grc' dir='ltr'><strong>αδδεδ</strong></span> <span class='ocrx_word' id='word_1_621' title='bbox 1675 4276 1702 4330; x_wconf 77' lang='grc' dir='ltr'><strong>δέ</strong></span> <span class='ocrx_word' id='word_1_622' title='bbox 1717 4274 1762 4326; x_wconf 80' lang='grc' dir='ltr'>καὶ</span> 
     </span>
     <span class='ocr_line' id='line_1_62' title="bbox 151 4360 1763 4441; baseline -0.001 -23"><span class='ocrx_word' id='word_1_623' title='bbox 151 4363 231 4418; x_wconf 79' lang='lat' dir='ltr'>etiam</span> <span class='ocrx_word' id='word_1_624' title='bbox 254 4361 391 4417; x_wconf 87' lang='lat' dir='ltr'>Cestiiiius</span> <span class='ocrx_word' id='word_1_625' title='bbox 412 4360 482 4431; x_wconf 83' lang='lat' dir='ltr'>(hoc</span> <span class='ocrx_word' id='word_1_626' title='bbox 506 4376 601 4415; x_wconf 89' lang='lat' dir='ltr'>nornen</span> <span class='ocrx_word' id='word_1_627' title='bbox 619 4365 793 4434; x_wconf 82' lang='lat' dir='ltr'>proconsuli)</span> <span class='ocrx_word' id='word_1_628' title='bbox 819 4381 933 4433; x_wconf 85' lang='lat' dir='ltr'>parcens</span> <span class='ocrx_word' id='word_1_629' title='bbox 987 4368 1032 4419; x_wconf 86' lang='grc' dir='ltr'>τοῦ</span> <span class='ocrx_word' id='word_1_630' title='bbox 1049 4367 1211 4437; x_wconf 82' lang='grc' dir='ltr'><strong>Θαμύριδος,</strong></span> <span class='ocrx_word' id='word_1_631' title='bbox 1238 4372 1285 4423; x_wconf 84' lang='grc' dir='ltr'>καλ</span> <span class='ocrx_word' id='word_1_632' title='bbox 1304 4368 1358 4423; x_wconf 86' lang='grc' dir='ltr'><strong>τιῦν</strong></span> <span class='ocrx_word' id='word_1_633' title='bbox 1383 4370 1447 4440; x_wconf 79' lang='grc' dir='ltr'><strong>περὶ</strong></span> <span class='ocrx_word' id='word_1_634' title='bbox 1469 4371 1551 4423; x_wconf 75' lang='lat' dir='ltr'>ababa</span> <span class='ocrx_word' id='word_1_635' title='bbox 1580 4368 1698 4441; x_wconf 79' lang='grc' dir='ltr'><strong>βοώντων</strong></span> <span class='ocrx_word' id='word_1_636' title='bbox 1718 4364 1763 4418; x_wconf 69' lang='lat' dir='ltr'>iai</span> 
     </span>
     <span class='ocr_line' id='line_1_63' title="bbox 155 4451 1767 4529; baseline 0.003 -24"><span class='ocrx_word' id='word_1_637' title='bbox 155 4451 561 4522; x_wconf 80' lang='lat' dir='ltr'>alioqniPanio(captusenim</span> <span class='ocrx_word' id='word_1_638' title='bbox 585 4452 633 4506; x_wconf 90' lang='lat' dir='ltr'>viri</span> <span class='ocrx_word' id='word_1_639' title='bbox 658 4469 793 4516; x_wconf 79' lang='lat' dir='ltr'>somnone.</span> <span class='ocrx_word' id='word_1_640' title='bbox 820 4455 933 4511; x_wconf 83' lang='lat' dir='ltr'>allectu-</span> <span class='ocrx_word' id='word_1_641' title='bbox 987 4458 1044 4519; x_wconf 87' lang='grc' dir='ltr'><strong>τοῖς</strong></span> <span class='ocrx_word' id='word_1_642' title='bbox 1062 4455 1132 4508; x_wconf 68' lang='lat' dir='ltr'>obsta</span> <span class='ocrx_word' id='word_1_643' title='bbox 1148 4455 1228 4527; x_wconf 84' lang='grc' dir='ltr'><strong>δῆθεν</strong></span> <span class='ocrx_word' id='word_1_644' title='bbox 1242 4457 1356 4522; x_wconf 81' lang='grc' dir='ltr'><strong>ἀναιδῶς</strong></span> <span class='ocrx_word' id='word_1_645' title='bbox 1372 4459 1537 4529; x_wconf 69' lang='grc' dir='ltr'><strong>’πραχθεῖσι</strong></span> <span class='ocrx_word' id='word_1_646' title='bbox 1551 4461 1599 4512; x_wconf 87' lang='grc' dir='ltr'>καλ</span> <span class='ocrx_word' id='word_1_647' title='bbox 1611 4454 1767 4527; x_wconf 77' lang='grc' dir='ltr'><strong>τολμηρῶς,</strong></span> 
     </span>
     <span class='ocr_line' id='line_1_64' title="bbox 153 4517 1770 4618; baseline 0.002 -25"><span class='ocrx_word' id='word_1_648' title='bbox 153 4559 206 4611; x_wconf 81' lang='lat' dir='ltr'>qne</span> <span class='ocrx_word' id='word_1_649' title='bbox 232 4559 338 4609; x_wconf 90' lang='lat' dir='ltr'>eorum,</span> <span class='ocrx_word' id='word_1_650' title='bbox 363 4560 421 4613; x_wconf 81' lang='lat' dir='ltr'>qttae</span> <span class='ocrx_word' id='word_1_651' title='bbox 443 4560 493 4614; x_wconf 90' lang='lat' dir='ltr'>pro</span> <span class='ocrx_word' id='word_1_652' title='bbox 521 4544 621 4610; x_wconf 87' lang='lat' dir='ltr'>pietate</span> <span class='ocrx_word' id='word_1_653' title='bbox 637 4543 671 4598; x_wconf 90' lang='lat' dir='ltr'>ah</span> <span class='ocrx_word' id='word_1_654' title='bbox 694 4544 739 4598; x_wconf 92' lang='lat' dir='ltr'>iiio</span> <span class='ocrx_word' id='word_1_655' title='bbox 765 4546 932 4612; x_wconf 87' lang='lat' dir='ltr'>dicebantur,</span> <span class='ocrx_word' id='word_1_656' title='bbox 950 4517 1016 4599; x_wconf 63' lang='lat' dir='ltr'>1&#39;ab</span> <span class='ocrx_word' id='word_1_657' title='bbox 1032 4543 1133 4615; x_wconf 76' lang='grc' dir='ltr'><strong>σεμνὴν</strong></span> <span class='ocrx_word' id='word_1_658' title='bbox 1151 4547 1197 4598; x_wconf 80' lang='grc' dir='ltr'>καὶ</span> <span class='ocrx_word' id='word_1_659' title='bbox 1221 4546 1369 4616; x_wconf 78' lang='grc' dir='ltr'><strong>εύπάτριδα</strong></span> <span class='ocrx_word' id='word_1_660' title='bbox 1395 4547 1478 4617; x_wconf 80' lang='grc' dir='ltr'><strong>κόρην</strong></span> <span class='ocrx_word' id='word_1_661' title='bbox 1501 4548 1770 4618; x_wconf 77' lang='grc' dir='ltr'><strong>ανδραποδιαθεῖσαν,</strong></span> 
     </span>
     <span class='ocr_line' id='line_1_65' title="bbox 154 4635 1774 4709; baseline 0 -19"><span class='ocrx_word' id='word_1_662' title='bbox 154 4645 241 4692; x_wconf 88' lang='lat' dir='ltr'>tactus</span> <span class='ocrx_word' id='word_1_663' title='bbox 261 4636 348 4690; x_wconf 86' lang='lat' dir='ltr'>luerat</span> <span class='ocrx_word' id='word_1_664' title='bbox 360 4637 380 4705; x_wconf 76' lang='lat' dir='ltr'>i,</span> <span class='ocrx_word' id='word_1_665' title='bbox 398 4637 499 4706; x_wconf 86' lang='lat' dir='ltr'>pudore</span> <span class='ocrx_word' id='word_1_666' title='bbox 515 4635 696 4706; x_wconf 82' lang='lat' dir='ltr'>Thamyridis,</span> <span class='ocrx_word' id='word_1_667' title='bbox 718 4645 747 4691; x_wconf 88' lang='lat' dir='ltr'>et</span> <span class='ocrx_word' id='word_1_668' title='bbox 760 4636 865 4692; x_wconf 87' lang='lat' dir='ltr'>iliorum</span> <span class='ocrx_word' id='word_1_669' title='bbox 886 4637 936 4707; x_wconf 86' lang='lat' dir='ltr'>qni</span> <span class='ocrx_word' id='word_1_670' title='bbox 986 4637 1034 4690; x_wconf 79' lang='grc' dir='ltr'>καλ</span> <span class='ocrx_word' id='word_1_671' title='bbox 1053 4637 1262 4690; x_wconf 82' lang='grc' dir='ltr'><strong>ἀναπεισθείσαν</strong></span> <span class='ocrx_word' id='word_1_672' title='bbox 1288 4639 1397 4691; x_wconf 72' lang='grc' dir='ltr'><strong>πάντων</strong></span> <span class='ocrx_word' id='word_1_673' title='bbox 1418 4640 1467 4709; x_wconf 83' lang='grc' dir='ltr'>μὲν</span> <span class='ocrx_word' id='word_1_674' title='bbox 1490 4640 1628 4708; x_wconf 87' lang='grc' dir='ltr'><strong>διλογῆσαι’</strong></span> <span class='ocrx_word' id='word_1_675' title='bbox 1641 4639 1697 4693; x_wconf 85' lang='grc' dir='ltr'>τῶν</span> <span class='ocrx_word' id='word_1_676' title='bbox 1711 4637 1774 4691; x_wconf 90' lang='grc' dir='ltr'><strong>καλ-</strong></span> 
     </span>
     <span class='ocr_line' id='line_1_66' title="bbox 153 4726 1772 4800; baseline 0.002 -22"><span class='ocrx_word' id='word_1_677' title='bbox 153 4727 222 4797; x_wconf 85' lang='lat' dir='ltr'>apnd</span> <span class='ocrx_word' id='word_1_678' title='bbox 252 4726 339 4794; x_wconf 88' lang='lat' dir='ltr'>ipsum</span> <span class='ocrx_word' id='word_1_679' title='bbox 366 4726 595 4791; x_wconf 86' lang='lat' dir='ltr'>vociierahaatur,</span> <span class='ocrx_word' id='word_1_680' title='bbox 617 4726 652 4780; x_wconf 90' lang='lat' dir='ltr'>oh</span> <span class='ocrx_word' id='word_1_681' title='bbox 675 4741 708 4781; x_wconf 84' lang='lat' dir='ltr'>aa</span> <span class='ocrx_word' id='word_1_682' title='bbox 730 4741 790 4796; x_wconf 73' lang='lat' dir='ltr'>quae</span> <span class='ocrx_word' id='word_1_683' title='bbox 810 4736 883 4783; x_wconf 85' lang='lat' dir='ltr'>tanta</span> <span class='ocrx_word' id='word_1_684' title='bbox 900 4729 935 4784; x_wconf 80' lang='lat' dir='ltr'>ab</span> <span class='ocrx_word' id='word_1_685' title='bbox 986 4726 1094 4792; x_wconf 82' lang='grc' dir='ltr'><strong>λθστων,</strong></span> <span class='ocrx_word' id='word_1_686' title='bbox 1109 4727 1217 4780; x_wconf 77' lang='grc' dir='ltr'><strong>ἑλέσθαι</strong></span> <span class='ocrx_word' id='word_1_687' title='bbox 1234 4728 1262 4782; x_wconf 81' lang='grc' dir='ltr'><strong>δέ</strong></span> <span class='ocrx_word' id='word_1_688' title='bbox 1279 4729 1313 4781; x_wconf 75' lang='grc' dir='ltr'>τὰ</span> <span class='ocrx_word' id='word_1_689' title='bbox 1333 4730 1515 4799; x_wconf 76' lang='grc' dir='ltr'><strong>ποιναθσχιοτα</strong></span> <span class='ocrx_word' id='word_1_690' title='bbox 1537 4731 1585 4783; x_wconf 86' lang='grc' dir='ltr'>καλ</span> <span class='ocrx_word' id='word_1_691' title='bbox 1601 4728 1772 4800; x_wconf 81' lang='grc' dir='ltr'><strong>ἀτιμώτατα,</strong></span> 
     </span>
     <span class='ocr_line' id='line_1_67' title="bbox 154 4817 1776 4890; baseline 0 -20"><span class='ocrx_word' id='word_1_692' title='bbox 154 4817 211 4884; x_wconf 88' lang='lat' dir='ltr'>ipso</span> <span class='ocrx_word' id='word_1_693' title='bbox 233 4818 396 4886; x_wconf 86' lang='lat' dir='ltr'>irnpndentia</span> <span class='ocrx_word' id='word_1_694' title='bbox 424 4819 645 4884; x_wconf 73' lang='lat' dir='ltr'>octonarium,</span> <span class='ocrx_word' id='word_1_695' title='bbox 672 4831 826 4890; x_wconf 80' lang='lat' dir='ltr'>perpetrata</span> <span class='ocrx_word' id='word_1_696' title='bbox 852 4820 937 4878; x_wconf 84' lang='lat' dir='ltr'>laissa</span> <span class='ocrx_word' id='word_1_697' title='bbox 992 4818 1076 4890; x_wconf 71' lang='grc' dir='ltr'><strong>μικρὰ</strong></span> <span class='ocrx_word' id='word_1_698' title='bbox 1094 4820 1260 4888; x_wconf 78' lang='grc' dir='ltr'><strong>μαστίξαντα</strong></span> <span class='ocrx_word' id='word_1_699' title='bbox 1282 4821 1327 4875; x_wconf 70' lang='grc' dir='ltr'>τὸν</span> <span class='ocrx_word' id='word_1_700' title='bbox 1353 4820 1456 4873; x_wconf 88' lang='grc' dir='ltr'><strong>Παῦλον</strong></span> <span class='ocrx_word' id='word_1_701' title='bbox 1475 4820 1638 4889; x_wconf 67' lang='grc' dir='ltr'><strong>ἀποπέμψαι</strong></span> <span class='ocrx_word' id='word_1_702' title='bbox 1658 4820 1710 4889; x_wconf 80' lang='grc' dir='ltr'>τῆς</span> <span class='ocrx_word' id='word_1_703' title='bbox 1726 4817 1776 4870; x_wconf 88' lang='grc' dir='ltr'>πό-</span> 
     </span>
     <span class='ocr_line' id='line_1_68' title="bbox 156 4896 1775 4983; baseline 0.004 -25"><span class='ocrx_word' id='word_1_704' title='bbox 156 4909 334 4980; x_wconf 81' lang='lat' dir='ltr'>viderentur:</span> <span class='ocrx_word' id='word_1_705' title='bbox 364 4912 435 4980; x_wconf 89' lang='lat' dir='ltr'>qnod</span> <span class='ocrx_word' id='word_1_706' title='bbox 464 4913 595 4983; x_wconf 78' lang='lat' dir='ltr'>virginem</span> <span class='ocrx_word' id='word_1_707' title='bbox 621 4913 736 4980; x_wconf 87' lang='lat' dir='ltr'>scilicet,</span> <span class='ocrx_word' id='word_1_708' title='bbox 758 4922 789 4971; x_wconf 82' lang='lat' dir='ltr'>ui</span> <span class='ocrx_word' id='word_1_709' title='bbox 813 4896 947 4982; x_wconf 71' lang='lat' dir='ltr'>aiebant,</span> <span class='ocrx_word' id='word_1_710' title='bbox 989 4911 1068 4973; x_wconf 82' lang='grc' dir='ltr'><strong>λεως,</strong></span> <span class='ocrx_word' id='word_1_711' title='bbox 1083 4912 1129 4964; x_wconf 77' lang='grc' dir='ltr'>καὶ</span> <span class='ocrx_word' id='word_1_712' title='bbox 1150 4912 1187 4981; x_wconf 77' lang='grc' dir='ltr'><strong>μὴ</strong></span> <span class='ocrx_word' id='word_1_713' title='bbox 1200 4909 1345 4976; x_wconf 68' lang='grc' dir='ltr'><strong>’,έθοοῦθές</strong></span> <span class='ocrx_word' id='word_1_714' title='bbox 1360 4931 1386 4966; x_wconf 83' lang='grc' dir='ltr'>τι</span> <span class='ocrx_word' id='word_1_715' title='bbox 1401 4913 1495 4966; x_wconf 87' lang='grc' dir='ltr'><strong>παθεῖν</strong></span> <span class='ocrx_word' id='word_1_716' title='bbox 1510 4913 1592 4965; x_wconf 75' lang='lat' dir='ltr'>ababa</span> <span class='ocrx_word' id='word_1_717' title='bbox 1610 4913 1775 4983; x_wconf 81' lang='grc' dir='ltr'><strong>βιαιότερον.</strong></span> 
     </span>
     <span class='ocr_line' id='line_1_69' title="bbox 155 4997 1776 5076; baseline 0.01 -25"><span class='ocrx_word' id='word_1_718' title='bbox 155 4997 296 5053; x_wconf 86' lang='lat' dir='ltr'>honestam</span> <span class='ocrx_word' id='word_1_719' title='bbox 314 5015 347 5056; x_wconf 88' lang='lat' dir='ltr'>ac</span> <span class='ocrx_word' id='word_1_720' title='bbox 375 5001 491 5055; x_wconf 91' lang='lat' dir='ltr'>nobilem</span> <span class='ocrx_word' id='word_1_721' title='bbox 511 5004 635 5070; x_wconf 85' lang='lat' dir='ltr'>ntarreipii</span> <span class='ocrx_word' id='word_1_722' title='bbox 662 5005 747 5059; x_wconf 78' lang='lat' dir='ltr'>instar</span> <span class='ocrx_word' id='word_1_723' title='bbox 770 5005 935 5069; x_wconf 76' lang='lat' dir='ltr'>abduxisset,</span> <span class='ocrx_word' id='word_1_724' title='bbox 988 5006 1101 5072; x_wconf 80' lang='grc' dir='ltr'><strong>Ἀγεται</strong></span> <span class='ocrx_word' id='word_1_725' title='bbox 1121 5003 1149 5055; x_wconf 78' lang='grc' dir='ltr'><strong>δὲ</strong></span> <span class='ocrx_word' id='word_1_726' title='bbox 1166 5005 1213 5056; x_wconf 78' lang='grc' dir='ltr'>καὶ</span> <span class='ocrx_word' id='word_1_727' title='bbox 1230 5005 1246 5074; x_wconf 78' lang='grc' dir='ltr'><strong>η</strong></span> <span class='ocrx_word' id='word_1_728' title='bbox 1265 5004 1353 5058; x_wconf 81' lang='grc' dir='ltr'><strong>θέκλα</strong></span> <span class='ocrx_word' id='word_1_729' title='bbox 1370 5004 1446 5074; x_wconf 80' lang='grc' dir='ltr'><strong>παρὰ</strong></span> <span class='ocrx_word' id='word_1_730' title='bbox 1467 5004 1513 5057; x_wconf 93' lang='grc' dir='ltr'>τοῦ</span> <span class='ocrx_word' id='word_1_731' title='bbox 1531 5005 1703 5067; x_wconf 78' lang='grc' dir='ltr'><strong>Πεστιλλθου,</strong></span> <span class='ocrx_word' id='word_1_732' title='bbox 1726 5007 1776 5076; x_wconf 74' lang='grc' dir='ltr'>τῆς</span> 
     </span>
     <span class='ocr_line' id='line_1_70' title="bbox 157 5091 1774 5164; baseline 0.005 -24"><span class='ocrx_word' id='word_1_733' title='bbox 157 5091 391 5161; x_wconf 81' lang='lat' dir='ltr'>persuasissetque</span> <span class='ocrx_word' id='word_1_734' title='bbox 416 5102 444 5145; x_wconf 90' lang='lat' dir='ltr'>ut</span> <span class='ocrx_word' id='word_1_735' title='bbox 464 5095 552 5149; x_wconf 84' lang='lat' dir='ltr'>oannis</span> <span class='ocrx_word' id='word_1_736' title='bbox 574 5093 723 5148; x_wconf 83' lang='lat' dir='ltr'>honestatis</span> <span class='ocrx_word' id='word_1_737' title='bbox 739 5109 804 5147; x_wconf 86' lang='lat' dir='ltr'>cura</span> <span class='ocrx_word' id='word_1_738' title='bbox 821 5096 935 5162; x_wconf 82' lang='lat' dir='ltr'>abjecta,</span> <span class='ocrx_word' id='word_1_739' title='bbox 987 5094 1090 5164; x_wconf 74' lang='grc' dir='ltr'><strong>μητρός</strong></span> <span class='ocrx_word' id='word_1_740' title='bbox 1105 5094 1249 5156; x_wconf 79' lang='grc' dir='ltr'><strong>Θεοκλείας</strong></span> <span class='ocrx_word' id='word_1_741' title='bbox 1270 5094 1347 5149; x_wconf 83' lang='grc' dir='ltr'><strong>τοῦτο</strong></span> <span class='ocrx_word' id='word_1_742' title='bbox 1365 5095 1529 5164; x_wconf 79' lang='grc' dir='ltr'><strong>ἐπιδούσης,</strong></span> <span class='ocrx_word' id='word_1_743' title='bbox 1556 5097 1587 5148; x_wconf 79' lang='lat' dir='ltr'>ab</span> <span class='ocrx_word' id='word_1_744' title='bbox 1603 5096 1651 5149; x_wconf 85' lang='grc' dir='ltr'>καλ</span> <span class='ocrx_word' id='word_1_745' title='bbox 1670 5096 1774 5164; x_wconf 87' lang='grc' dir='ltr'><strong>ταύτην</strong></span> 
     </span>
     <span class='ocr_line' id='line_1_71' title="bbox 158 5180 1777 5256; baseline 0.006 -30"><span class='ocrx_word' id='word_1_746' title='bbox 158 5180 311 5244; x_wconf 81' lang='lat' dir='ltr'>turpissima</span> <span class='ocrx_word' id='word_1_747' title='bbox 329 5196 442 5251; x_wconf 78' lang='lat' dir='ltr'>artaeque</span> <span class='ocrx_word' id='word_1_748' title='bbox 457 5189 484 5236; x_wconf 89' lang='lat' dir='ltr'>et</span> <span class='ocrx_word' id='word_1_749' title='bbox 504 5186 621 5236; x_wconf 80' lang='lat' dir='ltr'>ararimo</span> <span class='ocrx_word' id='word_1_750' title='bbox 654 5183 832 5252; x_wconf 71' lang='lat' dir='ltr'>ignominiosa</span> <span class='ocrx_word' id='word_1_751' title='bbox 857 5193 935 5238; x_wconf 86' lang='lat' dir='ltr'>ante·</span> <span class='ocrx_word' id='word_1_752' title='bbox 987 5184 1102 5253; x_wconf 74' lang='grc' dir='ltr'><strong>ἀχθῆναι</strong></span> <span class='ocrx_word' id='word_1_753' title='bbox 1119 5185 1166 5236; x_wconf 75' lang='grc' dir='ltr'>καθ</span> <span class='ocrx_word' id='word_1_754' title='bbox 1178 5185 1269 5237; x_wconf 85' lang='grc' dir='ltr'><strong>δοῦναι</strong></span> <span class='ocrx_word' id='word_1_755' title='bbox 1282 5186 1359 5255; x_wconf 78' lang='grc' dir='ltr'><strong>δίκην</strong></span> <span class='ocrx_word' id='word_1_756' title='bbox 1373 5187 1442 5255; x_wconf 80' lang='grc' dir='ltr'><strong>ὑπὲρ</strong></span> <span class='ocrx_word' id='word_1_757' title='bbox 1455 5187 1541 5249; x_wconf 76' lang='grc' dir='ltr'><strong>οὓτως</strong></span> <span class='ocrx_word' id='word_1_758' title='bbox 1551 5184 1672 5256; x_wconf 84' lang='grc' dir='ltr'><strong>δθέσμου</strong></span> <span class='ocrx_word' id='word_1_759' title='bbox 1686 5203 1716 5238; x_wconf 90' lang='grc' dir='ltr'>τε</span> <span class='ocrx_word' id='word_1_760' title='bbox 1729 5184 1777 5237; x_wconf 87' lang='grc' dir='ltr'>καλ</span> 
     </span>
     <span class='ocr_line' id='line_1_72' title="bbox 159 5262 1777 5346; baseline 0.009 -31"><span class='ocrx_word' id='word_1_761' title='bbox 159 5262 282 5333; x_wconf 60' lang='lat' dir='ltr'>haberem</span> <span class='ocrx_word' id='word_1_762' title='bbox 305 5271 391 5338; x_wconf 86' lang='lat' dir='ltr'>ipsum</span> <span class='ocrx_word' id='word_1_763' title='bbox 413 5273 516 5326; x_wconf 86' lang='lat' dir='ltr'>modice</span> <span class='ocrx_word' id='word_1_764' title='bbox 532 5272 692 5339; x_wconf 78' lang='lat' dir='ltr'>flagellatum</span> <span class='ocrx_word' id='word_1_765' title='bbox 710 5273 775 5326; x_wconf 89' lang='lat' dir='ltr'>urhe</span> <span class='ocrx_word' id='word_1_766' title='bbox 785 5273 936 5329; x_wconf 81' lang='lat' dir='ltr'>dimiserit:</span> <span class='ocrx_word' id='word_1_767' title='bbox 987 5275 1089 5327; x_wconf 80' lang='grc' dir='ltr'><strong>ἀτόπου</strong></span> <span class='ocrx_word' id='word_1_768' title='bbox 1112 5274 1247 5343; x_wconf 75' lang='grc' dir='ltr'><strong>πράξεως.</strong></span> <span class='ocrx_word' id='word_1_769' title='bbox 1280 5275 1322 5338; x_wconf 85' lang='grc' dir='ltr'><strong>Ὠς</strong></span> <span class='ocrx_word' id='word_1_770' title='bbox 1344 5276 1370 5327; x_wconf 77' lang='grc' dir='ltr'><strong>δὲ</strong></span> <span class='ocrx_word' id='word_1_771' title='bbox 1387 5272 1438 5346; x_wconf 80' lang='grc' dir='ltr'><strong>ῆκε</strong></span> <span class='ocrx_word' id='word_1_772' title='bbox 1462 5277 1510 5328; x_wconf 87' lang='grc' dir='ltr'>καλ</span> <span class='ocrx_word' id='word_1_773' title='bbox 1524 5275 1613 5346; x_wconf 75' lang='grc' dir='ltr'><strong>ὤφθη,</strong></span> <span class='ocrx_word' id='word_1_774' title='bbox 1636 5276 1777 5344; x_wconf 84' lang='grc' dir='ltr'><strong>θαύματος</strong></span> 
     </span>
     <span class='ocr_line' id='line_1_73' title="bbox 160 5358 1776 5436; baseline 0.007 -31"><span class='ocrx_word' id='word_1_775' title='bbox 160 5358 483 5426; x_wconf 74' lang='lat' dir='ltr'>ricquidgraviusiteruru</span> <span class='ocrx_word' id='word_1_776' title='bbox 496 5370 641 5432; x_wconf 80' lang='lat' dir='ltr'>pateretur.</span> <span class='ocrx_word' id='word_1_777' title='bbox 654 5360 940 5435; x_wconf 62' lang='lat' dir='ltr'>DuciturctiamMQ</span> <span class='ocrx_word' id='word_1_778' title='bbox 990 5364 1039 5433; x_wconf 83' lang='grc' dir='ltr'>μέν</span> <span class='ocrx_word' id='word_1_779' title='bbox 1070 5363 1192 5425; x_wconf 79' lang='grc' dir='ltr'><strong>ἃπαντας</strong></span> <span class='ocrx_word' id='word_1_780' title='bbox 1228 5363 1370 5435; x_wconf 77' lang='grc' dir='ltr'><strong>ἐπλήρωσε</strong></span> <span class='ocrx_word' id='word_1_781' title='bbox 1400 5367 1447 5419; x_wconf 85' lang='grc' dir='ltr'>καλ</span> <span class='ocrx_word' id='word_1_782' title='bbox 1471 5367 1616 5436; x_wconf 65' lang='lat' dir='ltr'>bandone·</span> <span class='ocrx_word' id='word_1_783' title='bbox 1646 5369 1691 5420; x_wconf 77' lang='grc' dir='ltr'>καὶ</span> <span class='ocrx_word' id='word_1_784' title='bbox 1721 5365 1776 5431; x_wconf 79' lang='grc' dir='ltr'>γὰρ</span> 
     </span>
     <span class='ocr_line' id='line_1_74' title="bbox 160 5442 1774 5529; baseline 0.008 -32"><span class='ocrx_word' id='word_1_785' title='bbox 160 5442 259 5499; x_wconf 84' lang='lat' dir='ltr'>Tireela</span> <span class='ocrx_word' id='word_1_786' title='bbox 273 5448 428 5527; x_wconf 83' lang='lat' dir='ltr'>aCestiiiio,</span> <span class='ocrx_word' id='word_1_787' title='bbox 444 5465 530 5509; x_wconf 76' lang='lat' dir='ltr'>taratra</span> <span class='ocrx_word' id='word_1_788' title='bbox 544 5452 601 5521; x_wconf 88' lang='lat' dir='ltr'>ipsa</span> <span class='ocrx_word' id='word_1_789' title='bbox 614 5465 719 5520; x_wconf 82' lang='lat' dir='ltr'>qttoquc</span> <span class='ocrx_word' id='word_1_790' title='bbox 732 5468 779 5521; x_wconf 89' lang='lat' dir='ltr'>per</span> <span class='ocrx_word' id='word_1_791' title='bbox 791 5452 939 5509; x_wconf 87' lang='lat' dir='ltr'>clamorem</span> <span class='ocrx_word' id='word_1_792' title='bbox 989 5453 1101 5523; x_wconf 82' lang='grc' dir='ltr'><strong>ὀφθεῖσα</strong></span> <span class='ocrx_word' id='word_1_793' title='bbox 1121 5454 1200 5522; x_wconf 88' lang='grc' dir='ltr'><strong>μόνον</strong></span> <span class='ocrx_word' id='word_1_794' title='bbox 1217 5453 1273 5524; x_wconf 71' lang='grc' dir='ltr'>ἃμα</span> <span class='ocrx_word' id='word_1_795' title='bbox 1296 5459 1399 5521; x_wconf 67' lang='grc' dir='ltr'><strong>πάντας</strong></span> <span class='ocrx_word' id='word_1_796' title='bbox 1411 5457 1449 5527; x_wconf 82' lang='grc' dir='ltr'>τῷ</span> <span class='ocrx_word' id='word_1_797' title='bbox 1473 5458 1565 5512; x_wconf 78' lang='grc' dir='ltr'><strong>κάλλει</strong></span> <span class='ocrx_word' id='word_1_798' title='bbox 1587 5456 1774 5529; x_wconf 74' lang='grc' dir='ltr'><strong>κατήστραψε,</strong></span> 
     </span>
    </p>
   </div>
   <div class='ocr_carea' id='block_1_11' title="bbox 163 5643 1776 5792">
    <p class='ocr_par' dir='ltr' id='par_1_11' title="bbox 163 5643 1776 5792">
     <span class='ocr_line' id='line_1_75' title="bbox 163 5643 1776 5729; baseline 0.007 -32"><span class='ocrx_word' id='word_1_799' title='bbox 163 5645 299 5727; x_wconf 49' lang='lat' dir='ltr'>fheest</span> <span class='ocrx_word' id='word_1_800' title='bbox 323 5643 407 5727; x_wconf 56' lang='lat' dir='ltr'>ihi}</span> <span class='ocrx_word' id='word_1_801' title='bbox 452 5647 647 5728; x_wconf 57' lang='lat' dir='ltr'>*ctpvaihss</span> <span class='ocrx_word' id='word_1_802' title='bbox 692 5648 882 5720; x_wconf 67' lang='lat' dir='ltr'>⁸ioeapi;i&#39;.</span> <span class='ocrx_word' id='word_1_803' title='bbox 907 5648 1011 5709; x_wconf 80' lang='lat' dir='ltr'>Cunus</span> <span class='ocrx_word' id='word_1_804' title='bbox 1073 5651 1355 5725; x_wconf 59' lang='grc' dir='ltr'><strong>*προσλαόοῦσηςλῖ</strong></span> <span class='ocrx_word' id='word_1_805' title='bbox 1376 5656 1405 5712; x_wconf 83' lang='lat' dir='ltr'>C.</span> <span class='ocrx_word' id='word_1_806' title='bbox 1463 5657 1776 5729; x_wconf 75' lang='grc' dir='ltr'><strong>’μῦτόςτειιιαθενιιι</strong></span> 
     </span>
     <span class='ocr_line' id='line_1_76' title="bbox 163 5712 936 5792; baseline 0.006 -22"><span class='ocrx_word' id='word_1_807' title='bbox 163 5733 266 5768; x_wconf 64' lang='lat' dir='ltr'>tudun.</span> <span class='ocrx_word' id='word_1_808' title='bbox 301 5712 469 5772; x_wconf 46' lang='grc' dir='ltr'>*ἀπίων</span> <span class='ocrx_word' id='word_1_809' title='bbox 573 5733 604 5775; x_wconf 68' lang='lat' dir='ltr'>*a</span> <span class='ocrx_word' id='word_1_810' title='bbox 623 5718 728 5792; x_wconf 73' lang='grc' dir='ltr'><strong>ἀνέδην.</strong></span> <span class='ocrx_word' id='word_1_811' title='bbox 752 5721 774 5789; x_wconf 72' lang='lat' dir='ltr'>J</span> <span class='ocrx_word' id='word_1_812' title='bbox 794 5721 814 5776; x_wconf 86' lang='lat' dir='ltr'>i.</span> <span class='ocrx_word' id='word_1_813' title='bbox 827 5717 865 5782; x_wconf 78' lang='lat' dir='ltr'>bc</span> <span class='ocrx_word' id='word_1_814' title='bbox 887 5719 936 5791; x_wconf 74' lang='grc' dir='ltr'>μή.</span> 
     </span>
    </p>
   </div>
   <div class='ocr_carea' id='block_1_12' title="bbox 0 0 1936 6075">
    <p class='ocr_par' dir='ltr' id='par_1_12' title="bbox 0 0 1936 6075">
     <span class='ocr_line' id='line_1_77' title="bbox 0 0 1936 6075; baseline 0 0"><span class='ocrx_word' id='word_1_815' title='bbox 0 0 1936 6075; x_wconf 95' lang='lat' dir='ltr'> </span> 
     </span>
    </p>
   </div>
  </div>
 </body>
</html>
