3817 6075
150 303 1749 364 m

749 581 841 624 utitur
867 582 941 625 Anu.
967 581 1041 625 cun.
1065 580 1169 621 Dm.

580 890 1341 1104 ZACHARIAS

375 1307 381 1318 ’
509 1353 898 1473 nerscnnns
964 1351 1402 1468 nunninus,

821 1852 1094 1946 Noutria,

548 2118 693 2180 (demum,
712 2116 831 2167 Veterem
861 2116 965 2166 Patrem
993 2111 1119 2175 stultat..
1136 2119 1155 2165 t.
1173 2112 1214 2177 n,
1231 2113 1273 2165 Pr.
1291 2128 1315 2178 p.
1333 2113 1375 2177 Χ.)

192 2535 369 2611 Zacharias,
387 2532 585 2598 Alexandria
604 2532 743 2615 primum
763 2532 873 2598 titteris
890 2532 1132 2598 humanioribus
1151 2531 1303 2606 imbutus,
1323 2531 1527 2613 postmodum
1549 2547 1589 2595 ex
1615 2532 1777 2598 rhetorum

144 2640 271 2709 scholis
297 2654 442 2719 egressus
471 2635 752 2718 jurisprudentiam
783 2636 924 2701 excoluit
936 2654 946 2714 ;
968 2642 1064 2719 atque
1085 2635 1127 2699 ad
1149 2634 1255 2699 ionum
1281 2650 1316 2698 se
1342 2634 1521 2711 conferens,
1551 2634 1777 2700 causidicinam

148 2740 258 2821 Beryti
276 2736 439 2822 protessus
454 2745 501 2800 est
516 2735 572 2816 (1),
587 2734 770 2800 scholastici
796 2744 965 2819 propterea
981 2741 1229 2818 cognomentum
1245 2739 1434 2800 consecutus
1449 2756 1458 2799 ι
1480 2753 1520 2801 eo
1537 2736 1624 2801 enim
1644 2736 1776 2802 nomine

145 2842 360 2908 censebantur
378 2838 434 2921 qui
458 2854 569 2902 canem
588 2837 704 2902 inioro
718 2839 898 2915 actitabant,
920 2841 1029 2921 utJam
1043 2839 1166 2921 pn'dem
1181 2837 1345 2921 postulios
1365 2838 1562 2903 observatum
1589 2838 1714 2904 Valesio
1730 2837 1772 2921 (2)
1895 2886 1906 2906 ,

96 3021 98 3028 Ι
143 2938 364 3019 intelligimus.
377 2936 534 3016 Deinceps
544 2952 619 2998 vero
633 2937 701 3017 ejus
711 2936 862 3000 doctrine
870 2937 953 3000 lama
968 2938 1060 3003 latius
1073 2944 1252 3021 pervagata,
1262 2936 1411 3002 sceleste
1419 2938 1618 3020 llitylenensi
1629 2941 1780 3023 regendo

143 3043 333 3131 preficitur.
352 3039 468 3102 ctaruit
481 3037 565 3102 circa
583 3054 702 3101 annum
718 3036 830 3102 Christi
846 3036 913 3101 530.
932 3041 1024 3104 Anno
1038 3056 1176 3121 namque
1198 3037 1255 3103 530
1273 3039 1409 3104 concilio
1433 3040 1780 3126 constantinopolitano

142 3143 306 3217 interluit,
325 3139 475 3205 advorsus
495 3133 687 3212 Authimum,
707 3138 856 3200 Severum
879 3136 1023 3220 aliosque
1045 3137 1278 3220 hcepbalorum
1297 3138 1470 3221 principes,
1489 3141 1549 3205 sub
1561 3145 1676 3207 bienna
1691 3143 1780 3209 cele·

96 3296 101 3327 ,
145 3246 261 3314 brato;
275 3240 308 3302 in
325 3237 416 3318 cujus
427 3234 511 3300 Actis
531 3234 599 3315 ejus
618 3235 738 3298 mentio
759 3235 893 3300 subinde
914 3234 1051 3299 occurrit
1065 3233 1122 3316 (3),
1141 3240 1237 3316 atque
1249 3235 1371 3318 ubique
1386 3239 1597 3320 metropolim
1611 3242 1706 3308 titulo
1723 3243 1777 3305 in-

145 3341 269 3423 signiti,
287 3344 423 3417 Ζαχαρίου
437 3343 486 3416 τῆς
500 3339 695 3411 Μιτυληναίων
702 3342 905 3414 perpensione.
928 3334 1020 3397 Unde
1038 3334 1138 3397 mirol·
1157 3333 1318 3415 equidem,
1344 3335 1385 3399 cl.
1411 3337 1584 3418 Lequienlo
1602 3348 1780 3424 suspectum

96 3420 106 3541 ἶ,
149 3459 224 3507 esse
239 3452 350 3502 vocem
372 3440 566 3516 μητροπόλεως
583 3432 624 3513 (1)
644 3432 676 3494 in
696 3432 808 3496 iisdem
825 3434 908 3497 Actis
925 3433 1043 3517 sepius
1069 3435 1257 3516 repetitum
1273 3451 1345 3498 oum
1365 3437 1539 3516 presertim
1560 3440 1709 3521 Mitylene
1731 3442 1782 3506 in·

146 3546 228 3610 sule
244 3538 425 3606 clarissime
440 3535 530 3598 Lesbi
543 3536 678 3600 maxima
692 3536 852 3601 civitatum
866 3535 1032 3600 habeatur.
1048 3535 1127 3609 Quid
1143 3537 1228 3617 quod
1243 3537 1277 3599 in
1292 3536 1502 3602 vetustissima
1516 3539 1640 3602 Notitio
1654 3540 1780 3606 Greco-

145 3660 224 3708 rum
240 3638 473 3717 episcopatuum
489 3653 509 3693 a
527 3634 626 3697 Leone
643 3633 791 3714 Sopieotc
817 3634 859 3697 cd
878 3634 1093 3698 Andronicum
1109 3634 1330 3714 Pctoeotopum,
1355 3636 1491 3716 Georgr'o
1503 3637 1624 3704 Codiuo
1645 3642 1781 3704 aGooro

147 3741 290 3823 subjecta
306 3733 361 3818 (5),
375 3732 409 3794 in
423 3732 586 3812 provincia
599 3732 710 3796 insule
734 3733 826 3796 Lesbi
850 3733 1017 3814 Mitylenes
1030 3733 1144 3815 presul
1159 3734 1361 3815 metropolita
1374 3736 1490 3801 dicitur
1499 3737 1535 3800 u
1549 3757 1559 3801 ε
1572 3747 1706 3819 ιπαρχιας
1733 3750 1782 3820 νή.

149 3864 201 3903 σου
225 3846 353 3904 htadcud
365 3841 522 3913 Μιτυλήνης
543 3839 599 3911 με.
615 3831 673 3905 Qui
687 3834 718 3895 et
735 3830 817 3895 intra
832 3829 886 3912 (6),
900 3831 934 3894 in
954 3829 1071 3894 Ordine
1083 3831 1293 3912 presidentia
1317 3833 1600 3914 metropolitarum,
1616 3836 1671 3899 ubi
1689 3838 1782 3903 sedes

148 3934 378 4017 ltitylenensis
411 3935 613 3994 enumeratur
638 3928 772 3992 thronus
799 3927 1057 4008 quadragesimus
1082 3944 1199 4004 nonus,
1228 3928 1333 3992 eidem
1361 3930 1430 3994 sedi
1452 3931 1695 4012 metropolitico
1722 3952 1781 3998 sex

152 4038 358 4117 episcopatus
371 4031 589 4112 subjiciuntur.
607 4031 645 4091 At
666 4044 741 4091 vero
760 4027 811 4090 bis
827 4026 941 4102 missis,
973 4043 1037 4108 quo
1064 4027 1192 4091 demum
1213 4044 1299 4095 anno
1326 4046 1345 4093 e
1371 4031 1449 4096 uiris
1477 4034 1647 4098 excesserit
1668 4014 1788 4102 noster¹

152 4133 322 4212 ttitytenes
344 4133 480 4205 antistes,
493 4131 575 4194 haud
590 4131 684 4212 plane
693 4133 892 4210 compertum
905 4127 1071 4192 habemus.
1086 4129 1175 4192 Diem
1189 4138 1275 4194 certe
1290 4149 1473 4215 supremum
1492 4135 1605 4200 obierit
1615 4135 1696 4201 circa
1711 4155 1781 4202 me.

156 4235 247 4297 dium
261 4232 367 4296 secuti
384 4249 427 4295 ιι.
459 4233 536 4294 Nam
549 4229 687 4293 concilio
700 4245 723 4289 ι
737 4225 933 4291 oecumenico
946 4227 1292 4308 Constantinopolitano
1302 4248 1336 4309 ιι,
1351 4249 1437 4297 anno
1460 4233 1517 4297 55³
1543 4241 1666 4311 coneto,
1680 4236 1780 4304 inter-

153 4336 253 4402 misse
276 4332 422 4400 norimus
443 4336 598 4398 loannem
615 4332 808 4395 Gneusomm
823 4330 1023 4411 episcopum,
1038 4329 1140 4393 vicem
1161 4339 1308 4410 agentem
1335 4335 1467 4400 Palladii
1496 4337 1706 4420 metropolite
1727 4343 1783 4404 lti-

150 4438 327 4520 tylenensis
345 4439 388 4520 (1)
405 4455 413 4500 :
430 4438 569 4518 quisane
583 4435 667 4498 inter
680 4430 831 4497 uectede
846 4432 1013 4514 lditylenes
1033 4431 1186 4513 presules
1203 4433 1288 4500 baud
1303 4438 1590 4518 praetermittendus
1603 4448 1700 4505 erata
1723 4443 1781 4506 Le·

155 4540 285 4620 qnienio
303 4538 359 4619 (8),
377 4537 433 4600 sed
458 4535 693 4619 praeponendus
715 4534 866 4613 Gregorio
877 4534 905 4608 1,
919 4550 1016 4614 quent
1033 4533 1117 4597 inter
1132 4534 1240 4600 Patres
1250 4537 1375 4602 concilii
1385 4540 1719 4622 constantinopolitani
1734 4559 1780 4615 ιιι,

154 4638 310 4718 generalis
323 4653 368 4711 ιι,
382 4653 466 4698 anno
480 4637 537 4699 080
562 4635 723 4708 celebrati,
749 4636 868 4697 sedisse
887 4634 1032 4697 novimus
1047 4633 1105 4717 (0).
1120 4637 1219 4701 Porro
1241 4656 1281 4703 ex
1301 4639 1340 4701 its
1357 4654 1431 4719 que
1452 4639 1550 4702 modo
1576 4639 1616 4703 de
1641 4639 1781 4702 Palladio

153 4736 307 4810 diximus,
325 4736 506 4816 corrigendi
530 4745 603 4799 sunt
630 4735 753 4797 Miraeus
768 4733 841 4814 (10),
863 4733 1004 4797 Oudinns
1031 4733 1107 4815 (11),
1121 4737 1342 4801 'l'lllemontius
1365 4737 1427 4818 (12)
1451 4738 1580 4815 aliique,
1601 4743 1636 4798 ut
1660 4738 1781 4799 dudum

152 4837 278 4899 monuit
291 4836 451 4899 Fabricius
467 4835 528 4917 (13)
542 4853 550 4911 ;
566 4838 620 4916 qui
635 4851 719 4897 anno
736 4833 792 4897 553
806 4833 1053 4898 eidemconcilio
1066 4836 1413 4914 constantinopolitano
1429 4853 1464 4911 ιι,
1480 4833 1620 4914 generali
1632 4851 1666 4910 ι,
1680 4836 1778 4897 inter·

153 4934 255 4998 fuisso
269 4936 449 5000 Zachariam
467 4935 574 5016 quode
587 4935 721 5015 aginms,
736 4932 874 4997 tradunt.

190 5162 230 5233 (1)
240 5161 358 5218 zachar.
373 5163 448 5218 utut.
461 5162 552 5218 initio.
713 5228 720 5243 ·
743 5229 750 5243 ⁹
1032 5159 1071 5227 (8)
1086 5157 1217 5240 Leqrrieu.
1229 5155 1248 5212 1.
1263 5170 1289 5213 c.

96 5282 99 5289 .
190 5231 231 5302 (2)
247 5232 338 5289 tales.
360 5231 413 5286 Vir.
430 5231 535 5288 Socrct
547 5230 633 5286 Sctcl.
649 5231 700 5286 sub
714 5238 773 5283 ιιιιι.
1032 5228 1266 5310 pulcerrimum.
1282 5223 1336 5287 tu,
1349 5238 1410 5307 pag:
1426 5224 1497 5283 1070
1510 5227 1539 5282 b.
1587 5254 1606 5295 0

191 5300 641 5425 illita-tlt.tottii
656 5317 682 5354 ³·
708 5298 787 5353 ¹⁰²¹·
811 5311 837 5351 ²·
864 5295 944 5362 '⁰²⁵’
1034 5297 1092 5434 (11)
1104 5294 1451 5432 0.)111.“’1“ἒὶ;ἐέ)ῗῖ.ῗὲ1.·
1464 5295 1743 5436 fii'lihffdu.

153 5385 231 5511 ¹¹'(t)
246 5412 379 5508 cupos..
396 5440 443 5494 or.
459 5440 559 5494 atesi.
574 5446 640 5492 cont.
656 5437 677 5502 ι,
689 5437 825 5516 pepone.
1046 5433 1208 5515 isernien.
1225 5433 1386 5514 upana.
1406 5431 1451 5502 ιι,
1461 5448 1526 5559 μὶ.
1539 5405 1603 5492 tha.

193 5510 234 5578 (Β)
251 5509 338 5564 Notit.
351 5510 432 5578 episc
446 5508 533 5565 Groec.
550 5522 610 5579 pag.
622 5507 685 5574 559,
699 5511 765 5561 edu.
784 5507 869 5560 Paris.
1046 5505 1088 5587 ¹3)
1105 5501 1212 5557 Fabrtc.
1236 5501 1303 5583 lithl.
1321 5502 1370 5558 ur.
1392 5505 1483 5560 torni
1511 5543 1520 5571 ‚
1539 5520 1601 5578 pop.
1612 5506 1675 5575 381),
1697 5514 1725 5562 at
1745 5504 1780 5565 de

203 5581 232 5645 0)
248 5579 317 5634 thid.
333 5594 394 5646 pap.
409 5578 472 5634 597.
997 5571 1083 5631 Verrt.
1097 5571 1174 5643 relig.
1188 5571 1289 5627 Christ.
1310 5586 1388 5643 pepp.
1408 5572 1456 5629 108
1478 5589 1536 5646 seq.

206 5649 232 5720 1)
245 5647 348 5704 concil.
367 5657 432 5704 torn.
448 5646 493 5713 tt,
502 5661 580 5718 pepp.
595 5646 637 5717 10,
652 5664 677 5704 c.
690 5657 717 5705 et
731 5647 784 5704 utu
794 5661 820 5704 e.
