<?xml version="1.0" encoding="UTF-8"?>
<!DOCTYPE html PUBLIC "-//W3C//DTD XHTML 1.0 Transitional//EN"
    "http://www.w3.org/TR/xhtml1/DTD/xhtml1-transitional.dtd">
<html xmlns="http://www.w3.org/1999/xhtml" xml:lang="en" lang="en">
 <head>
  <title>
</title>
<meta http-equiv="Content-Type" content="text/html;charset=utf-8" />
  <meta name='ocr-system' content='tesseract 3.04.00' />
  <meta name='ocr-capabilities' content='ocr_page ocr_carea ocr_par ocr_line ocrx_word'/>
</head>
<body>
  <div class='ocr_page' id='page_1' title='image "./patrologicursus79migngoog/patrologicursus79migngoog_0482.png"; bbox 0 0 3817 6075; ppageno 0'>
   <div class='ocr_carea' id='block_1_1' title="bbox 152 300 1776 384">
    <p class='ocr_par' dir='ltr' id='par_1_1' title="bbox 152 300 1776 384">
     <span class='ocr_line' id='line_1_1' title="bbox 152 300 1776 384; baseline 0.023 -38"><span class='ocrx_word' id='word_1_1' title='bbox 152 306 207 370; x_wconf 58' lang='grc' dir='ltr'>,μή</span> <span class='ocrx_word' id='word_1_2' title='bbox 801 300 1112 365; x_wconf 75' lang='grc' dir='ltr'>τιιειννιιιιιετωε.</span> <span class='ocrx_word' id='word_1_3' title='bbox 1724 320 1776 384; x_wconf 70' lang='grc' dir='ltr'>ιιι</span> 
     </span>
    </p>
   </div>
   <div class='ocr_carea' id='block_1_2' title="bbox 154 408 1776 584">
    <p class='ocr_par' dir='ltr' id='par_1_2' title="bbox 154 408 1776 584">
     <span class='ocr_line' id='line_1_2' title="bbox 154 408 1776 504; baseline 0.006 -33"><span class='ocrx_word' id='word_1_4' title='bbox 154 413 318 485; x_wconf 71' lang='grc' dir='ltr'>συγχωρεῖν,</span> <span class='ocrx_word' id='word_1_5' title='bbox 332 410 370 475; x_wconf 81' lang='grc' dir='ltr'>ὡς</span> <span class='ocrx_word' id='word_1_6' title='bbox 390 411 422 465; x_wconf 80' lang='grc' dir='ltr'>ἂν</span> <span class='ocrx_word' id='word_1_7' title='bbox 439 409 573 480; x_wconf 76' lang='grc' dir='ltr'>μάθοιμεν</span> <span class='ocrx_word' id='word_1_8' title='bbox 588 412 622 480; x_wconf 79' lang='grc' dir='ltr'>τῇ</span> <span class='ocrx_word' id='word_1_9' title='bbox 642 409 688 463; x_wconf 79' lang='grc' dir='ltr'>τοῦ</span> <span class='ocrx_word' id='word_1_10' title='bbox 703 408 828 479; x_wconf 75' lang='grc' dir='ltr'>ἀρθρφου</span> <span class='ocrx_word' id='word_1_11' title='bbox 848 428 938 480; x_wconf 80' lang='grc' dir='ltr'>παρα·</span> <span class='ocrx_word' id='word_1_12' title='bbox 952 419 977 476; x_wconf 68' lang='grc' dir='ltr'><strong>Α</strong></span> <span class='ocrx_word' id='word_1_13' title='bbox 990 413 1130 468; x_wconf 78' lang='lat' dir='ltr'><strong>coercuit:</strong></span> <span class='ocrx_word' id='word_1_14' title='bbox 1146 423 1242 484; x_wconf 89' lang='lat' dir='ltr'>estque</span> <span class='ocrx_word' id='word_1_15' title='bbox 1257 430 1345 472; x_wconf 76' lang='lat' dir='ltr'>cacus</span> <span class='ocrx_word' id='word_1_16' title='bbox 1359 418 1403 473; x_wconf 85' lang='lat' dir='ltr'>lde</span> <span class='ocrx_word' id='word_1_17' title='bbox 1422 418 1509 477; x_wconf 85' lang='lat' dir='ltr'>lactus</span> <span class='ocrx_word' id='word_1_18' title='bbox 1523 420 1632 504; x_wconf 79' lang='lat' dir='ltr'>Lynceo</span> <span class='ocrx_word' id='word_1_19' title='bbox 1649 425 1707 494; x_wconf 90' lang='lat' dir='ltr'>ipso</span> <span class='ocrx_word' id='word_1_20' title='bbox 1718 426 1776 481; x_wconf 86' lang='lat' dir='ltr'>leti·</span> 
     </span>
     <span class='ocr_line' id='line_1_3' title="bbox 154 497 1776 584; baseline 0.007 -25"><span class='ocrx_word' id='word_1_21' title='bbox 154 505 238 569; x_wconf 85' lang='grc' dir='ltr'>θέσει,</span> <span class='ocrx_word' id='word_1_22' title='bbox 258 497 314 556; x_wconf 81' lang='grc' dir='ltr'>οἷον</span> <span class='ocrx_word' id='word_1_23' title='bbox 336 502 368 556; x_wconf 83' lang='lat' dir='ltr'>cl</span> <span class='ocrx_word' id='word_1_24' title='bbox 384 502 493 565; x_wconf 80' lang='grc' dir='ltr'>κάλλος,</span> <span class='ocrx_word' id='word_1_25' title='bbox 522 501 570 553; x_wconf 77' lang='grc' dir='ltr'>καί</span> <span class='ocrx_word' id='word_1_26' title='bbox 594 500 656 554; x_wconf 83' lang='grc' dir='ltr'>ὅθεν</span> <span class='ocrx_word' id='word_1_27' title='bbox 670 501 785 568; x_wconf 78' lang='grc' dir='ltr'>ἀφῖκται</span> <span class='ocrx_word' id='word_1_28' title='bbox 807 502 840 571; x_wconf 80' lang='grc' dir='ltr'>σή</span> <span class='ocrx_word' id='word_1_29' title='bbox 858 500 938 568; x_wconf 75' lang='grc' dir='ltr'>φύσει</span> <span class='ocrx_word' id='word_1_30' title='bbox 990 502 1059 567; x_wconf 83' lang='lat' dir='ltr'>olor,</span> <span class='ocrx_word' id='word_1_31' title='bbox 1073 504 1182 571; x_wconf 79' lang='lat' dir='ltr'>quaudo</span> <span class='ocrx_word' id='word_1_32' title='bbox 1197 505 1278 559; x_wconf 86' lang='lat' dir='ltr'>sirnul</span> <span class='ocrx_word' id='word_1_33' title='bbox 1290 507 1587 577; x_wconf 81' lang='lat' dir='ltr'>etiamjustioreaasit.</span> <span class='ocrx_word' id='word_1_34' title='bbox 1603 513 1696 584; x_wconf 84' lang='lat' dir='ltr'>lleque</span> <span class='ocrx_word' id='word_1_35' title='bbox 1711 532 1776 571; x_wconf 79' lang='lat' dir='ltr'>vcro</span> 
     </span>
    </p>
   </div>
   <div class='ocr_carea' id='block_1_3' title="bbox 152 580 1886 673">
    <p class='ocr_par' dir='ltr' id='par_1_3' title="bbox 152 580 1886 673">
     <span class='ocr_line' id='line_1_4' title="bbox 152 580 1886 673; baseline 0.005 -23"><span class='ocrx_word' id='word_1_36' title='bbox 152 594 200 650; x_wconf 84' lang='grc' dir='ltr'>τοῦ</span> <span class='ocrx_word' id='word_1_37' title='bbox 215 594 357 665; x_wconf 80' lang='grc' dir='ltr'>κάλλουςή</span> <span class='ocrx_word' id='word_1_38' title='bbox 372 580 498 663; x_wconf 78' lang='grc' dir='ltr'>χορηγία.</span> <span class='ocrx_word' id='word_1_39' title='bbox 516 589 712 661; x_wconf 78' lang='grc' dir='ltr'>’λκριδεστέρα</span> <span class='ocrx_word' id='word_1_40' title='bbox 725 590 779 661; x_wconf 76' lang='grc' dir='ltr'>γὰρ</span> <span class='ocrx_word' id='word_1_41' title='bbox 791 590 839 644; x_wconf 80' lang='grc' dir='ltr'>τοῦ</span> <span class='ocrx_word' id='word_1_42' title='bbox 855 590 938 645; x_wconf 77' lang='grc' dir='ltr'>καλοῦ</span> <span class='ocrx_word' id='word_1_43' title='bbox 990 591 1082 646; x_wconf 90' lang='lat' dir='ltr'>multis</span> <span class='ocrx_word' id='word_1_44' title='bbox 1094 592 1120 646; x_wconf 91' lang='lat' dir='ltr'>id</span> <span class='ocrx_word' id='word_1_45' title='bbox 1136 595 1281 648; x_wconf 80' lang='lat' dir='ltr'>usuvenit:</span> <span class='ocrx_word' id='word_1_46' title='bbox 1296 601 1405 665; x_wconf 88' lang='lat' dir='ltr'>qnando</span> <span class='ocrx_word' id='word_1_47' title='bbox 1420 600 1531 656; x_wconf 87' lang='lat' dir='ltr'>minime</span> <span class='ocrx_word' id='word_1_48' title='bbox 1544 604 1665 670; x_wconf 92' lang='lat' dir='ltr'>oportuit</span> <span class='ocrx_word' id='word_1_49' title='bbox 1677 615 1777 673; x_wconf 80' lang='lat' dir='ltr'>praetor</span> <span class='ocrx_word' id='word_1_50' title='bbox 1882 637 1886 648; x_wconf 78' lang='lat'><strong>.</strong></span> 
     </span>
    </p>
   </div>
   <div class='ocr_carea' id='block_1_4' title="bbox 93 667 1785 4418">
    <p class='ocr_par' dir='ltr' id='par_1_4' title="bbox 152 667 1779 2495">
     <span class='ocr_line' id='line_1_5' title="bbox 153 667 1776 766; baseline 0.011 -31"><span class='ocrx_word' id='word_1_51' title='bbox 153 684 271 755; x_wconf 82' lang='grc' dir='ltr'>γνῶσις,</span> <span class='ocrx_word' id='word_1_52' title='bbox 290 685 307 756; x_wconf 89' lang='grc' dir='ltr'>ή</span> <span class='ocrx_word' id='word_1_53' title='bbox 324 683 372 736; x_wconf 77' lang='grc' dir='ltr'>τοῦ</span> <span class='ocrx_word' id='word_1_54' title='bbox 389 681 474 736; x_wconf 78' lang='grc' dir='ltr'>κακοῦ</span> <span class='ocrx_word' id='word_1_55' title='bbox 497 681 621 751; x_wconf 91' lang='grc' dir='ltr'>γίγνεται</span> <span class='ocrx_word' id='word_1_56' title='bbox 641 684 734 753; x_wconf 85' lang='grc' dir='ltr'>πείρα.</span> <span class='ocrx_word' id='word_1_57' title='bbox 749 667 786 735; x_wconf 74' lang='grc' dir='ltr'>ίθ</span> <span class='ocrx_word' id='word_1_58' title='bbox 802 682 830 736; x_wconf 85' lang='grc' dir='ltr'>δὲ</span> <span class='ocrx_word' id='word_1_59' title='bbox 845 682 939 754; x_wconf 82' lang='grc' dir='ltr'>χαριέ·</span> <span class='ocrx_word' id='word_1_60' title='bbox 990 693 1116 739; x_wconf 86' lang='lat' dir='ltr'>naturam</span> <span class='ocrx_word' id='word_1_61' title='bbox 1136 695 1165 739; x_wconf 92' lang='lat' dir='ltr'>ut</span> <span class='ocrx_word' id='word_1_62' title='bbox 1183 687 1325 743; x_wconf 85' lang='lat' dir='ltr'>euenirent</span> <span class='ocrx_word' id='word_1_63' title='bbox 1340 690 1466 758; x_wconf 84' lang='lat' dir='ltr'>plurima,</span> <span class='ocrx_word' id='word_1_64' title='bbox 1484 693 1550 749; x_wconf 83' lang='lat' dir='ltr'>dare</span> <span class='ocrx_word' id='word_1_65' title='bbox 1563 696 1631 751; x_wconf 87' lang='lat' dir='ltr'>:sed</span> <span class='ocrx_word' id='word_1_66' title='bbox 1652 695 1776 766; x_wconf 86' lang='lat' dir='ltr'>pulclari·</span> 
     </span>
     <span class='ocr_line' id='line_1_6' title="bbox 154 769 1777 854; baseline 0.005 -23"><span class='ocrx_word' id='word_1_67' title='bbox 154 792 261 840; x_wconf 85' lang='grc' dir='ltr'>στατον,</span> <span class='ocrx_word' id='word_1_68' title='bbox 289 776 338 846; x_wconf 78' lang='grc' dir='ltr'>οὐχ</span> <span class='ocrx_word' id='word_1_69' title='bbox 363 769 403 839; x_wconf 82' lang='grc' dir='ltr'>είς</span> <span class='ocrx_word' id='word_1_70' title='bbox 425 774 475 844; x_wconf 83' lang='grc' dir='ltr'>τῆς</span> <span class='ocrx_word' id='word_1_71' title='bbox 490 772 638 843; x_wconf 74' lang='grc' dir='ltr'>θεραπείας</span> <span class='ocrx_word' id='word_1_72' title='bbox 658 773 673 826; x_wconf 91' lang='grc' dir='ltr'>δ</span> <span class='ocrx_word' id='word_1_73' title='bbox 694 775 803 845; x_wconf 77' lang='grc' dir='ltr'>τρίπος.</span> <span class='ocrx_word' id='word_1_74' title='bbox 827 774 865 826; x_wconf 86' lang='lat' dir='ltr'>Oi</span> <span class='ocrx_word' id='word_1_75' title='bbox 884 772 938 845; x_wconf 84' lang='grc' dir='ltr'>γάρ</span> <span class='ocrx_word' id='word_1_76' title='bbox 991 773 1092 828; x_wconf 91' lang='lat' dir='ltr'>tudinis</span> <span class='ocrx_word' id='word_1_77' title='bbox 1107 788 1164 829; x_wconf 77' lang='lat' dir='ltr'>sun</span> <span class='ocrx_word' id='word_1_78' title='bbox 1181 792 1288 840; x_wconf 86' lang='grc' dir='ltr'>ιιιιιιιυε,</span> <span class='ocrx_word' id='word_1_79' title='bbox 1305 790 1410 834; x_wconf 81' lang='lat' dir='ltr'>nuturae</span> <span class='ocrx_word' id='word_1_80' title='bbox 1421 796 1501 850; x_wconf 87' lang='lat' dir='ltr'>quam</span> <span class='ocrx_word' id='word_1_81' title='bbox 1517 783 1587 839; x_wconf 85' lang='lat' dir='ltr'>lleus</span> <span class='ocrx_word' id='word_1_82' title='bbox 1603 786 1660 854; x_wconf 87' lang='lat' dir='ltr'>ipse</span> <span class='ocrx_word' id='word_1_83' title='bbox 1675 787 1777 841; x_wconf 90' lang='lat' dir='ltr'>consti·</span> 
     </span>
     <span class='ocr_line' id='line_1_7' title="bbox 153 861 1775 942; baseline 0.014 -31"><span class='ocrx_word' id='word_1_84' title='bbox 153 866 193 919; x_wconf 69' lang='lat' dir='ltr'>ini</span> <span class='ocrx_word' id='word_1_85' title='bbox 209 865 349 936; x_wconf 71' lang='grc' dir='ltr'>φαρμάκῳ</span> <span class='ocrx_word' id='word_1_86' title='bbox 371 865 387 935; x_wconf 95' lang='grc' dir='ltr'>ή</span> <span class='ocrx_word' id='word_1_87' title='bbox 400 864 451 933; x_wconf 81' lang='grc' dir='ltr'>τῆς</span> <span class='ocrx_word' id='word_1_88' title='bbox 469 864 600 933; x_wconf 86' lang='grc' dir='ltr'>Προνοίας</span> <span class='ocrx_word' id='word_1_89' title='bbox 613 861 723 933; x_wconf 88' lang='grc' dir='ltr'>ίατρική</span> <span class='ocrx_word' id='word_1_90' title='bbox 749 863 875 935; x_wconf 79' lang='grc' dir='ltr'>χρήσαιτ’</span> <span class='ocrx_word' id='word_1_91' title='bbox 888 864 938 917; x_wconf 86' lang='grc' dir='ltr'>ἀν·</span> <span class='ocrx_word' id='word_1_92' title='bbox 991 865 1053 932; x_wconf 80' lang='lat' dir='ltr'>tuit,</span> <span class='ocrx_word' id='word_1_93' title='bbox 1068 875 1099 922; x_wconf 89' lang='lat' dir='ltr'>ut</span> <span class='ocrx_word' id='word_1_94' title='bbox 1114 881 1148 922; x_wconf 91' lang='lat' dir='ltr'>ne</span> <span class='ocrx_word' id='word_1_95' title='bbox 1160 876 1214 922; x_wconf 89' lang='lat' dir='ltr'>tota</span> <span class='ocrx_word' id='word_1_96' title='bbox 1230 870 1335 924; x_wconf 84' lang='lat' dir='ltr'>turbata</span> <span class='ocrx_word' id='word_1_97' title='bbox 1354 874 1461 928; x_wconf 87' lang='lat' dir='ltr'>tandem</span> <span class='ocrx_word' id='word_1_98' title='bbox 1475 885 1656 942; x_wconf 73' lang='lat' dir='ltr'>everteretur,</span> <span class='ocrx_word' id='word_1_99' title='bbox 1669 877 1775 934; x_wconf 82' lang='lat' dir='ltr'>salutm</span> 
     </span>
     <span class='ocr_line' id='line_1_8' title="bbox 152 950 1777 1032; baseline 0.013 -24"><span class='ocrx_word' id='word_1_100' title='bbox 152 954 210 1008; x_wconf 77' lang='grc' dir='ltr'>ἀλλ’</span> <span class='ocrx_word' id='word_1_101' title='bbox 231 954 296 1009; x_wconf 88' lang='grc' dir='ltr'>ἀλλο</span> <span class='ocrx_word' id='word_1_102' title='bbox 323 951 395 1023; x_wconf 84' lang='grc' dir='ltr'>ἀλλιρ</span> <span class='ocrx_word' id='word_1_103' title='bbox 420 950 586 1023; x_wconf 77' lang='grc' dir='ltr'>προσφέρει·</span> <span class='ocrx_word' id='word_1_104' title='bbox 611 951 699 1006; x_wconf 84' lang='grc' dir='ltr'>ἀπασι</span> <span class='ocrx_word' id='word_1_105' title='bbox 713 951 742 1005; x_wconf 75' lang='grc' dir='ltr'>δέ</span> <span class='ocrx_word' id='word_1_106' title='bbox 766 952 937 1024; x_wconf 78' lang='grc' dir='ltr'>προσφέρει·</span> <span class='ocrx_word' id='word_1_107' title='bbox 989 967 1070 1027; x_wconf 89' lang='lat' dir='ltr'>atque</span> <span class='ocrx_word' id='word_1_108' title='bbox 1082 957 1219 1029; x_wconf 76' lang='lat' dir='ltr'>integrum</span> <span class='ocrx_word' id='word_1_109' title='bbox 1237 961 1363 1032; x_wconf 75' lang='lat' dir='ltr'>relinqui.</span> <span class='ocrx_word' id='word_1_110' title='bbox 1384 964 1424 1019; x_wconf 73' lang='lat' dir='ltr'>alc</span> <span class='ocrx_word' id='word_1_111' title='bbox 1440 981 1535 1022; x_wconf 86' lang='lat' dir='ltr'>rursus</span> <span class='ocrx_word' id='word_1_112' title='bbox 1559 966 1616 1024; x_wconf 78' lang='lat' dir='ltr'>ltere</span> <span class='ocrx_word' id='word_1_113' title='bbox 1638 980 1667 1024; x_wconf 94' lang='lat' dir='ltr'>ut</span> <span class='ocrx_word' id='word_1_114' title='bbox 1681 974 1777 1029; x_wconf 83' lang='lat' dir='ltr'>evenl-</span> 
     </span>
     <span class='ocr_line' id='line_1_9' title="bbox 153 1043 1777 1131; baseline 0.015 -31"><span class='ocrx_word' id='word_1_115' title='bbox 153 1046 264 1117; x_wconf 77' lang='grc' dir='ltr'>ποικίλη</span> <span class='ocrx_word' id='word_1_116' title='bbox 290 1045 344 1117; x_wconf 85' lang='grc' dir='ltr'>γάρ</span> <span class='ocrx_word' id='word_1_117' title='bbox 360 1046 377 1116; x_wconf 92' lang='grc' dir='ltr'>ή</span> <span class='ocrx_word' id='word_1_118' title='bbox 400 1044 493 1116; x_wconf 78' lang='grc' dir='ltr'>τέχνη,</span> <span class='ocrx_word' id='word_1_119' title='bbox 507 1044 569 1099; x_wconf 74' lang='lat' dir='ltr'>insi</span> <span class='ocrx_word' id='word_1_120' title='bbox 592 1043 626 1098; x_wconf 85' lang='grc' dir='ltr'>τά</span> <span class='ocrx_word' id='word_1_121' title='bbox 658 1043 732 1113; x_wconf 86' lang='grc' dir='ltr'>πάθι(</span> <span class='ocrx_word' id='word_1_122' title='bbox 758 1043 936 1099; x_wconf 74' lang='grc' dir='ltr'>ποικίλλεται.</span> <span class='ocrx_word' id='word_1_123' title='bbox 989 1058 1061 1115; x_wconf 81' lang='lat' dir='ltr'>rent,</span> <span class='ocrx_word' id='word_1_124' title='bbox 1073 1051 1193 1120; x_wconf 86' lang='lat' dir='ltr'>oportuit</span> <span class='ocrx_word' id='word_1_125' title='bbox 1206 1056 1330 1120; x_wconf 81' lang='lat' dir='ltr'>concedi,</span> <span class='ocrx_word' id='word_1_126' title='bbox 1346 1066 1374 1112; x_wconf 92' lang='lat' dir='ltr'>ut</span> <span class='ocrx_word' id='word_1_127' title='bbox 1391 1057 1417 1112; x_wconf 90' lang='lat' dir='ltr'>ei</span> <span class='ocrx_word' id='word_1_128' title='bbox 1431 1059 1502 1128; x_wconf 93' lang='lat' dir='ltr'>quod</span> <span class='ocrx_word' id='word_1_129' title='bbox 1516 1060 1659 1129; x_wconf 86' lang='lat' dir='ltr'>pulchrum</span> <span class='ocrx_word' id='word_1_130' title='bbox 1674 1074 1727 1131; x_wconf 87' lang='lat' dir='ltr'>est,</span> <span class='ocrx_word' id='word_1_131' title='bbox 1743 1082 1777 1125; x_wconf 88' lang='lat' dir='ltr'>eo</span> 
     </span>
     <span class='ocr_line' id='line_1_10' title="bbox 157 1132 1776 1226; baseline 0.016 -39"><span class='ocrx_word' id='word_1_132' title='bbox 157 1135 187 1188; x_wconf 84' lang='lat'>‘0</span> <span class='ocrx_word' id='word_1_133' title='bbox 202 1135 261 1205; x_wconf 81' lang='grc' dir='ltr'>μέν,</span> <span class='ocrx_word' id='word_1_134' title='bbox 273 1134 312 1204; x_wconf 82' lang='grc' dir='ltr'>τῷ</span> <span class='ocrx_word' id='word_1_135' title='bbox 326 1135 363 1204; x_wconf 88' lang='grc' dir='ltr'>μή</span> <span class='ocrx_word' id='word_1_136' title='bbox 377 1136 454 1205; x_wconf 63' lang='lat' dir='ltr'>oppa,</span> <span class='ocrx_word' id='word_1_137' title='bbox 467 1132 515 1190; x_wconf 84' lang='grc' dir='ltr'>τοθ</span> <span class='ocrx_word' id='word_1_138' title='bbox 527 1133 619 1197; x_wconf 84' lang='grc' dir='ltr'>κακῶς</span> <span class='ocrx_word' id='word_1_139' title='bbox 629 1134 695 1205; x_wconf 75' lang='grc' dir='ltr'>ίρᾷν</span> <span class='ocrx_word' id='word_1_140' title='bbox 706 1132 852 1204; x_wconf 74' lang='grc' dir='ltr'>ἀπηλλάγη</span> <span class='ocrx_word' id='word_1_141' title='bbox 867 1134 935 1206; x_wconf 79' lang='grc'><strong>(61)·</strong></span> <span class='ocrx_word' id='word_1_142' title='bbox 989 1143 1060 1209; x_wconf 93' lang='lat' dir='ltr'>quod</span> <span class='ocrx_word' id='word_1_143' title='bbox 1076 1143 1198 1199; x_wconf 77' lang='lat' dir='ltr'>deforme</span> <span class='ocrx_word' id='word_1_144' title='bbox 1209 1155 1249 1201; x_wconf 89' lang='lat' dir='ltr'>est</span> <span class='ocrx_word' id='word_1_145' title='bbox 1264 1150 1396 1217; x_wconf 84' lang='lat' dir='ltr'>opposito,</span> <span class='ocrx_word' id='word_1_146' title='bbox 1413 1161 1579 1220; x_wconf 71' lang='lat' dir='ltr'>quantopere</span> <span class='ocrx_word' id='word_1_147' title='bbox 1594 1154 1702 1211; x_wconf 79' lang='lat' dir='ltr'>excellit</span> <span class='ocrx_word' id='word_1_148' title='bbox 1717 1158 1776 1226; x_wconf 87' lang='lat' dir='ltr'>pnl-</span> 
     </span>
     <span class='ocr_line' id='line_1_11' title="bbox 152 1223 1777 1313; baseline 0.017 -39"><span class='ocrx_word' id='word_1_149' title='bbox 152 1226 268 1278; x_wconf 80' lang='grc' dir='ltr'>δδέκαλ</span> <span class='ocrx_word' id='word_1_150' title='bbox 282 1226 378 1278; x_wconf 79' lang='grc' dir='ltr'>τούτου</span> <span class='ocrx_word' id='word_1_151' title='bbox 403 1227 633 1297; x_wconf 86' lang='grc' dir='ltr'>καταφρονήσας,</span> <span class='ocrx_word' id='word_1_152' title='bbox 657 1223 705 1277; x_wconf 83' lang='grc' dir='ltr'>τοῦ</span> <span class='ocrx_word' id='word_1_153' title='bbox 723 1223 806 1289; x_wconf 78' lang='grc' dir='ltr'>ὀξέως</span> <span class='ocrx_word' id='word_1_154' title='bbox 821 1224 938 1297; x_wconf 77' lang='grc' dir='ltr'>θρῶντνς</span> <span class='ocrx_word' id='word_1_155' title='bbox 989 1232 1125 1297; x_wconf 85' lang='lat' dir='ltr'>cluitudo,</span> <span class='ocrx_word' id='word_1_156' title='bbox 1147 1235 1217 1289; x_wconf 85' lang='lat' dir='ltr'>urrde</span> <span class='ocrx_word' id='word_1_157' title='bbox 1232 1247 1304 1291; x_wconf 91' lang='lat' dir='ltr'>esset</span> <span class='ocrx_word' id='word_1_158' title='bbox 1315 1253 1381 1294; x_wconf 91' lang='lat' dir='ltr'>suns</span> <span class='ocrx_word' id='word_1_159' title='bbox 1395 1250 1499 1295; x_wconf 76' lang='lat' dir='ltr'>naturae</span> <span class='ocrx_word' id='word_1_160' title='bbox 1518 1239 1612 1308; x_wconf 86' lang='lat' dir='ltr'>decor,</span> <span class='ocrx_word' id='word_1_161' title='bbox 1629 1257 1777 1313; x_wconf 73' lang='lat' dir='ltr'>cognosce·</span> 
     </span>
     <span class='ocr_line' id='line_1_12' title="bbox 152 1313 1776 1404; baseline 0.016 -36"><span class='ocrx_word' id='word_1_162' title='bbox 152 1315 279 1387; x_wconf 76' lang='grc' dir='ltr'>ὀξύτερος</span> <span class='ocrx_word' id='word_1_163' title='bbox 302 1316 370 1386; x_wconf 81' lang='grc' dir='ltr'>πρὸς</span> <span class='ocrx_word' id='word_1_164' title='bbox 390 1314 487 1387; x_wconf 85' lang='grc' dir='ltr'>ήδονάς</span> <span class='ocrx_word' id='word_1_165' title='bbox 514 1314 601 1385; x_wconf 83' lang='grc' dir='ltr'>έφάνη</span> <span class='ocrx_word' id='word_1_166' title='bbox 621 1313 689 1385; x_wconf 66' lang='lat' dir='ltr'>(ddi,</span> <span class='ocrx_word' id='word_1_167' title='bbox 714 1313 763 1368; x_wconf 85' lang='grc' dir='ltr'>καλ</span> <span class='ocrx_word' id='word_1_168' title='bbox 792 1314 938 1386; x_wconf 81' lang='grc' dir='ltr'>φάρμακσν</span> <span class='ocrx_word' id='word_1_169' title='bbox 991 1338 1092 1379; x_wconf 85' lang='lat' dir='ltr'>remus.</span> <span class='ocrx_word' id='word_1_170' title='bbox 1106 1324 1242 1382; x_wconf 80' lang='lat' dir='ltr'>Persectio</span> <span class='ocrx_word' id='word_1_171' title='bbox 1254 1329 1326 1382; x_wconf 86' lang='lat' dir='ltr'>enirn</span> <span class='ocrx_word' id='word_1_172' title='bbox 1341 1345 1424 1399; x_wconf 87' lang='lat' dir='ltr'>penes</span> <span class='ocrx_word' id='word_1_173' title='bbox 1435 1347 1482 1386; x_wconf 89' lang='lat' dir='ltr'>eos</span> <span class='ocrx_word' id='word_1_174' title='bbox 1494 1343 1537 1389; x_wconf 86' lang='lat' dir='ltr'>est</span> <span class='ocrx_word' id='word_1_175' title='bbox 1550 1343 1579 1389; x_wconf 84' lang='lat' dir='ltr'>ei</span> <span class='ocrx_word' id='word_1_176' title='bbox 1593 1334 1697 1404; x_wconf 85' lang='lat' dir='ltr'>plenior</span> <span class='ocrx_word' id='word_1_177' title='bbox 1712 1335 1776 1395; x_wconf 76' lang='grc' dir='ltr'>δοίιί</span> 
     </span>
     <span class='ocr_line' id='line_1_13' title="bbox 153 1404 1777 1497; baseline 0.009 -27"><span class='ocrx_word' id='word_1_178' title='bbox 153 1406 248 1478; x_wconf 62' lang='grc' dir='ltr'>ἕτερον</span> <span class='ocrx_word' id='word_1_179' title='bbox 271 1406 404 1478; x_wconf 64' lang='grc' dir='ltr'>ἐπιζητεῖ·</span> <span class='ocrx_word' id='word_1_180' title='bbox 435 1406 536 1460; x_wconf 73' lang='grc' dir='ltr'>Ἐνῑῡτῑ</span> <span class='ocrx_word' id='word_1_181' title='bbox 556 1405 584 1460; x_wconf 69' lang='grc' dir='ltr'>δὲ</span> <span class='ocrx_word' id='word_1_182' title='bbox 602 1406 648 1460; x_wconf 71' lang='grc' dir='ltr'>καὶ</span> <span class='ocrx_word' id='word_1_183' title='bbox 674 1404 731 1477; x_wconf 76' lang='grc' dir='ltr'>πῦρ</span> <span class='ocrx_word' id='word_1_184' title='bbox 747 1406 876 1479; x_wconf 70' lang='grc' dir='ltr'>ἀναμένει</span> <span class='ocrx_word' id='word_1_185' title='bbox 892 1407 939 1461; x_wconf 68' lang='grc' dir='ltr'>καὶ</span> <span class='ocrx_word' id='word_1_186' title='bbox 989 1416 1120 1486; x_wconf 81' lang='lat' dir='ltr'>cognitio,</span> <span class='ocrx_word' id='word_1_187' title='bbox 1146 1418 1191 1487; x_wconf 93' lang='lat' dir='ltr'>qui</span> <span class='ocrx_word' id='word_1_188' title='bbox 1217 1420 1350 1474; x_wconf 88' lang='lat' dir='ltr'>malorum</span> <span class='ocrx_word' id='word_1_189' title='bbox 1381 1421 1483 1492; x_wconf 91' lang='lat' dir='ltr'>aliquid</span> <span class='ocrx_word' id='word_1_190' title='bbox 1513 1427 1618 1497; x_wconf 81' lang='lat' dir='ltr'>experti</span> <span class='ocrx_word' id='word_1_191' title='bbox 1641 1437 1714 1485; x_wconf 84' lang='lat' dir='ltr'>suot.</span> <span class='ocrx_word' id='word_1_192' title='bbox 1737 1430 1777 1488; x_wconf 84' lang='grc' dir='ltr'>Δα</span> 
     </span>
     <span class='ocr_line' id='line_1_14' title="bbox 154 1498 1777 1592; baseline 0.017 -41"><span class='ocrx_word' id='word_1_193' title='bbox 154 1499 274 1571; x_wconf 80' lang='grc' dir='ltr'>σίδηρον.</span> <span class='ocrx_word' id='word_1_194' title='bbox 299 1499 345 1570; x_wconf 83' lang='grc' dir='ltr'>Τῷ</span> <span class='ocrx_word' id='word_1_195' title='bbox 371 1499 411 1564; x_wconf 81' lang='grc' dir='ltr'>δὲ,</span> <span class='ocrx_word' id='word_1_196' title='bbox 431 1500 499 1571; x_wconf 81' lang='grc' dir='ltr'>πρθς</span> <span class='ocrx_word' id='word_1_197' title='bbox 524 1498 701 1571; x_wconf 82' lang='grc' dir='ltr'>σωφροσύνην</span> <span class='ocrx_word' id='word_1_198' title='bbox 722 1500 869 1572; x_wconf 84' lang='grc' dir='ltr'>ήρκεστνή</span> <span class='ocrx_word' id='word_1_199' title='bbox 885 1500 938 1555; x_wconf 82' lang='grc' dir='ltr'>τῶν</span> <span class='ocrx_word' id='word_1_200' title='bbox 990 1507 1060 1574; x_wconf 88' lang='lat' dir='ltr'>quod</span> <span class='ocrx_word' id='word_1_201' title='bbox 1075 1506 1257 1577; x_wconf 76' lang='lat' dir='ltr'>gratissimum</span> <span class='ocrx_word' id='word_1_202' title='bbox 1274 1520 1328 1575; x_wconf 85' lang='lat' dir='ltr'>est,</span> <span class='ocrx_word' id='word_1_203' title='bbox 1348 1526 1400 1565; x_wconf 92' lang='lat' dir='ltr'>non</span> <span class='ocrx_word' id='word_1_204' title='bbox 1413 1529 1464 1567; x_wconf 90' lang='lat' dir='ltr'>una</span> <span class='ocrx_word' id='word_1_205' title='bbox 1480 1516 1629 1589; x_wconf 87' lang='lat' dir='ltr'>eademque</span> <span class='ocrx_word' id='word_1_206' title='bbox 1641 1529 1683 1575; x_wconf 89' lang='lat' dir='ltr'>est</span> <span class='ocrx_word' id='word_1_207' title='bbox 1697 1520 1777 1592; x_wconf 83' lang='lat' dir='ltr'>injus</span> 
     </span>
     <span class='ocr_line' id='line_1_15' title="bbox 154 1591 1775 1665; baseline 0.01 -20"><span class='ocrx_word' id='word_1_208' title='bbox 154 1592 304 1663; x_wconf 83' lang='grc' dir='ltr'>χρήμάτων</span> <span class='ocrx_word' id='word_1_209' title='bbox 322 1591 442 1662; x_wconf 77' lang='grc' dir='ltr'>ἀπορία·</span> <span class='ocrx_word' id='word_1_210' title='bbox 463 1592 511 1646; x_wconf 88' lang='grc' dir='ltr'>καλ</span> <span class='ocrx_word' id='word_1_211' title='bbox 531 1592 587 1663; x_wconf 76' lang='grc'><strong>(65)</strong></span> <span class='ocrx_word' id='word_1_212' title='bbox 610 1593 682 1665; x_wconf 84' lang='grc' dir='ltr'>ἀλλφ</span> <span class='ocrx_word' id='word_1_213' title='bbox 696 1592 760 1648; x_wconf 90' lang='grc' dir='ltr'>ἀλλο</span> <span class='ocrx_word' id='word_1_214' title='bbox 780 1594 936 1665; x_wconf 83' lang='grc' dir='ltr'>συμφέρει·</span> <span class='ocrx_word' id='word_1_215' title='bbox 989 1594 1131 1650; x_wconf 73' lang='lat' dir='ltr'>medicina</span> <span class='ocrx_word' id='word_1_216' title='bbox 1154 1598 1234 1652; x_wconf 89' lang='lat' dir='ltr'>ratio.</span> <span class='ocrx_word' id='word_1_217' title='bbox 1261 1595 1323 1654; x_wconf 73' lang='lat' dir='ltr'>dau</span> <span class='ocrx_word' id='word_1_218' title='bbox 1343 1600 1415 1657; x_wconf 89' lang='lat' dir='ltr'>enim</span> <span class='ocrx_word' id='word_1_219' title='bbox 1437 1600 1618 1661; x_wconf 76' lang='lat' dir='ltr'>Providentiae</span> <span class='ocrx_word' id='word_1_220' title='bbox 1642 1606 1775 1662; x_wconf 86' lang='lat' dir='ltr'>medicina</span> 
     </span>
     <span class='ocr_line' id='line_1_16' title="bbox 154 1682 1777 1770; baseline 0.011 -34"><span class='ocrx_word' id='word_1_221' title='bbox 154 1683 240 1737; x_wconf 79' lang='grc' dir='ltr'>καίού</span> <span class='ocrx_word' id='word_1_222' title='bbox 255 1682 457 1737; x_wconf 86' lang='grc' dir='ltr'>ταυτδνάπασι.</span> <span class='ocrx_word' id='word_1_223' title='bbox 474 1684 529 1738; x_wconf 81' lang='grc' dir='ltr'>Καὶ</span> <span class='ocrx_word' id='word_1_224' title='bbox 546 1684 662 1740; x_wconf 80' lang='grc' dir='ltr'>ἑκάστου</span> <span class='ocrx_word' id='word_1_225' title='bbox 682 1685 786 1749; x_wconf 77' lang='grc' dir='ltr'>πάθους</span> <span class='ocrx_word' id='word_1_226' title='bbox 806 1684 938 1758; x_wconf 79' lang='grc' dir='ltr'>συχνάτά</span> <span class='ocrx_word' id='word_1_227' title='bbox 989 1688 1080 1744; x_wconf 80' lang='lat' dir='ltr'>omitia</span> <span class='ocrx_word' id='word_1_228' title='bbox 1103 1691 1211 1760; x_wconf 88' lang='lat' dir='ltr'>quidem</span> <span class='ocrx_word' id='word_1_229' title='bbox 1236 1701 1324 1758; x_wconf 84' lang='lat' dir='ltr'>curat,</span> <span class='ocrx_word' id='word_1_230' title='bbox 1351 1711 1404 1750; x_wconf 89' lang='lat' dir='ltr'>nou</span> <span class='ocrx_word' id='word_1_231' title='bbox 1428 1707 1518 1753; x_wconf 86' lang='lat' dir='ltr'>autern</span> <span class='ocrx_word' id='word_1_232' title='bbox 1544 1712 1629 1753; x_wconf 82' lang='lat' dir='ltr'>uuuiu</span> <span class='ocrx_word' id='word_1_233' title='bbox 1651 1697 1777 1770; x_wconf 81' lang='lat' dir='ltr'>idemque</span> 
     </span>
     <span class='ocr_line' id='line_1_17' title="bbox 155 1765 1777 1853; baseline 0.011 -26"><span class='ocrx_word' id='word_1_234' title='bbox 155 1773 297 1844; x_wconf 79' lang='grc' dir='ltr'>φάρμακα.</span> <span class='ocrx_word' id='word_1_235' title='bbox 315 1772 396 1827; x_wconf 83' lang='grc' dir='ltr'>Ὅθεν</span> <span class='ocrx_word' id='word_1_236' title='bbox 411 1775 428 1845; x_wconf 91' lang='grc' dir='ltr'>ή</span> <span class='ocrx_word' id='word_1_237' title='bbox 443 1774 525 1846; x_wconf 82' lang='grc' dir='ltr'>τέχνη</span> <span class='ocrx_word' id='word_1_238' title='bbox 539 1775 751 1843; x_wconf 75' lang='grc' dir='ltr'>καλλωπίζεται.</span> <span class='ocrx_word' id='word_1_239' title='bbox 949 1765 1213 1838; x_wconf 60' lang='lat' dir='ltr'>¹*unnedicarnentum</span> <span class='ocrx_word' id='word_1_240' title='bbox 1231 1784 1358 1842; x_wconf 83' lang='lat' dir='ltr'>omuibus</span> <span class='ocrx_word' id='word_1_241' title='bbox 1382 1785 1470 1853; x_wconf 80' lang='lat' dir='ltr'>allent,</span> <span class='ocrx_word' id='word_1_242' title='bbox 1491 1788 1538 1843; x_wconf 88' lang='lat' dir='ltr'>sed</span> <span class='ocrx_word' id='word_1_243' title='bbox 1556 1790 1589 1843; x_wconf 91' lang='lat' dir='ltr'>ad</span> <span class='ocrx_word' id='word_1_244' title='bbox 1610 1788 1680 1845; x_wconf 84' lang='lat' dir='ltr'>alios</span> <span class='ocrx_word' id='word_1_245' title='bbox 1703 1806 1777 1845; x_wconf 82' lang='lat' dir='ltr'>uror·</span> 
     </span>
     <span class='ocr_line' id='line_1_18' title="bbox 155 1864 1779 1950; baseline 0.012 -30"><span class='ocrx_word' id='word_1_246' title='bbox 155 1864 760 1938; x_wconf 83' lang='lat' dir='ltr'>bosplrarmacaaliupuolert:quandocum</span> <span class='ocrx_word' id='word_1_247' title='bbox 782 1869 940 1926; x_wconf 82' lang='lat' dir='ltr'>morblslnt</span> <span class='ocrx_word' id='word_1_248' title='bbox 973 1873 1050 1928; x_wconf 88' lang='lat' dir='ltr'>multi</span> <span class='ocrx_word' id='word_1_249' title='bbox 1075 1876 1201 1941; x_wconf 80' lang='lat' dir='ltr'>elvard,</span> <span class='ocrx_word' id='word_1_250' title='bbox 1238 1891 1283 1932; x_wconf 89' lang='lat' dir='ltr'>ars</span> <span class='ocrx_word' id='word_1_251' title='bbox 1305 1892 1413 1947; x_wconf 85' lang='lat' dir='ltr'>quoque</span> <span class='ocrx_word' id='word_1_252' title='bbox 1435 1879 1493 1950; x_wconf 87' lang='lat' dir='ltr'>ipsa</span> <span class='ocrx_word' id='word_1_253' title='bbox 1515 1880 1657 1950; x_wconf 81' lang='lat' dir='ltr'>multiplea</span> <span class='ocrx_word' id='word_1_254' title='bbox 1670 1882 1707 1939; x_wconf 91' lang='lat' dir='ltr'>sit</span> <span class='ocrx_word' id='word_1_255' title='bbox 1731 1899 1779 1939; x_wconf 87' lang='lat' dir='ltr'>ne·</span> 
     </span>
     <span class='ocr_line' id='line_1_19' title="bbox 153 1955 1773 2043; baseline 0.008 -31"><span class='ocrx_word' id='word_1_256' title='bbox 153 1971 231 2043; x_wconf 73' lang='lat' dir='ltr'>cesse</span> <span class='ocrx_word' id='word_1_257' title='bbox 242 1969 294 2013; x_wconf 85' lang='lat' dir='ltr'>cal.</span> <span class='ocrx_word' id='word_1_258' title='bbox 312 1955 362 2013; x_wconf 89' lang='lat' dir='ltr'>llic</span> <span class='ocrx_word' id='word_1_259' title='bbox 374 1958 483 2028; x_wconf 87' lang='lat' dir='ltr'>quidem</span> <span class='ocrx_word' id='word_1_260' title='bbox 502 1974 534 2012; x_wconf 87' lang='lat' dir='ltr'>co</span> <span class='ocrx_word' id='word_1_261' title='bbox 547 1959 605 2028; x_wconf 89' lang='lat' dir='ltr'>ipso</span> <span class='ocrx_word' id='word_1_262' title='bbox 619 1961 690 2030; x_wconf 93' lang='lat' dir='ltr'>quod</span> <span class='ocrx_word' id='word_1_263' title='bbox 708 1960 744 2016; x_wconf 92' lang='lat' dir='ltr'>nil</span> <span class='ocrx_word' id='word_1_264' title='bbox 762 1960 845 2027; x_wconf 89' lang='lat' dir='ltr'>uidet,</span> <span class='ocrx_word' id='word_1_265' title='bbox 862 1961 941 2017; x_wconf 90' lang='lat' dir='ltr'>malls</span> <span class='ocrx_word' id='word_1_266' title='bbox 957 1964 1039 2018; x_wconf 87' lang='lat' dir='ltr'>etlam</span> <span class='ocrx_word' id='word_1_267' title='bbox 1055 1966 1194 2020; x_wconf 88' lang='lat' dir='ltr'>amorilnrs</span> <span class='ocrx_word' id='word_1_268' title='bbox 1224 1966 1379 2037; x_wconf 75' lang='lat' dir='ltr'>prolrlliitus</span> <span class='ocrx_word' id='word_1_269' title='bbox 1397 1976 1479 2038; x_wconf 84' lang='lat' dir='ltr'>atque</span> <span class='ocrx_word' id='word_1_270' title='bbox 1504 1969 1632 2026; x_wconf 79' lang='lat' dir='ltr'>exclusus</span> <span class='ocrx_word' id='word_1_271' title='bbox 1647 1979 1711 2026; x_wconf 77' lang='lat' dir='ltr'>esi:</span> <span class='ocrx_word' id='word_1_272' title='bbox 1727 1970 1773 2025; x_wconf 88' lang='lat' dir='ltr'>ille</span> 
     </span>
     <span class='ocr_line' id='line_1_20' title="bbox 153 2051 1778 2127; baseline 0.009 -22"><span class='ocrx_word' id='word_1_273' title='bbox 153 2052 235 2105; x_wconf 89' lang='lat' dir='ltr'>etiam</span> <span class='ocrx_word' id='word_1_274' title='bbox 250 2051 301 2105; x_wconf 81' lang='lat' dir='ltr'>luoc</span> <span class='ocrx_word' id='word_1_275' title='bbox 314 2061 475 2120; x_wconf 86' lang='lat' dir='ltr'>aspernatus</span> <span class='ocrx_word' id='word_1_276' title='bbox 492 2052 651 2117; x_wconf 86' lang='lat' dir='ltr'>remedium,</span> <span class='ocrx_word' id='word_1_277' title='bbox 665 2051 755 2122; x_wconf 84' lang='lat' dir='ltr'>aliquo</span> <span class='ocrx_word' id='word_1_278' title='bbox 768 2053 821 2107; x_wconf 88' lang='lat' dir='ltr'>alio</span> <span class='ocrx_word' id='word_1_279' title='bbox 854 2052 1018 2108; x_wconf 70' lang='lat' dir='ltr'>acutissimis</span> <span class='ocrx_word' id='word_1_280' title='bbox 1048 2055 1135 2111; x_wconf 88' lang='lat' dir='ltr'>oculis</span> <span class='ocrx_word' id='word_1_281' title='bbox 1150 2057 1264 2127; x_wconf 82' lang='lat' dir='ltr'>praedito</span> <span class='ocrx_word' id='word_1_282' title='bbox 1295 2057 1575 2126; x_wconf 79' lang='lat' dir='ltr'>longeuelrerneutins</span> <span class='ocrx_word' id='word_1_283' title='bbox 1599 2060 1634 2115; x_wconf 86' lang='lat' dir='ltr'>ad</span> <span class='ocrx_word' id='word_1_284' title='bbox 1649 2061 1778 2119; x_wconf 84' lang='lat' dir='ltr'>libidines</span> 
     </span>
     <span class='ocr_line' id='line_1_21' title="bbox 154 2143 1774 2215; baseline 0.006 -15"><span class='ocrx_word' id='word_1_285' title='bbox 154 2144 252 2210; x_wconf 82' lang='lat' dir='ltr'>lertur,</span> <span class='ocrx_word' id='word_1_286' title='bbox 266 2157 299 2198; x_wconf 89' lang='lat' dir='ltr'>uc</span> <span class='ocrx_word' id='word_1_287' title='bbox 316 2152 458 2213; x_wconf 77' lang='lat' dir='ltr'>propterea</span> <span class='ocrx_word' id='word_1_288' title='bbox 471 2144 523 2200; x_wconf 83' lang='lat' dir='ltr'>alio</span> <span class='ocrx_word' id='word_1_289' title='bbox 543 2158 650 2214; x_wconf 89' lang='lat' dir='ltr'>quoque</span> <span class='ocrx_word' id='word_1_290' title='bbox 664 2145 784 2201; x_wconf 87' lang='lat' dir='ltr'>remedio</span> <span class='ocrx_word' id='word_1_291' title='bbox 802 2161 869 2215; x_wconf 90' lang='lat' dir='ltr'>opus</span> <span class='ocrx_word' id='word_1_292' title='bbox 883 2143 975 2200; x_wconf 82' lang='lat' dir='ltr'>habet.</span> <span class='ocrx_word' id='word_1_293' title='bbox 991 2145 1069 2202; x_wconf 85' lang='lat' dir='ltr'>Unde</span> <span class='ocrx_word' id='word_1_294' title='bbox 1098 2156 1126 2204; x_wconf 88' lang='lat' dir='ltr'>et</span> <span class='ocrx_word' id='word_1_295' title='bbox 1154 2149 1292 2205; x_wconf 77' lang='lat' dir='ltr'>interdum</span> <span class='ocrx_word' id='word_1_296' title='bbox 1326 2147 1435 2205; x_wconf 85' lang='lat' dir='ltr'>damma</span> <span class='ocrx_word' id='word_1_297' title='bbox 1466 2160 1513 2207; x_wconf 89' lang='lat' dir='ltr'>ant</span> <span class='ocrx_word' id='word_1_298' title='bbox 1537 2152 1611 2209; x_wconf 87' lang='lat' dir='ltr'>lerro</span> <span class='ocrx_word' id='word_1_299' title='bbox 1622 2164 1774 2212; x_wconf 87' lang='lat' dir='ltr'>coercetur.</span> 
     </span>
     <span class='ocr_line' id='line_1_22' title="bbox 152 2235 1776 2317; baseline 0.006 -26"><span class='ocrx_word' id='word_1_300' title='bbox 152 2235 264 2291; x_wconf 86' lang='lat' dir='ltr'>liliisad</span> <span class='ocrx_word' id='word_1_301' title='bbox 282 2236 487 2304; x_wconf 85' lang='lat' dir='ltr'>temperantiam</span> <span class='ocrx_word' id='word_1_302' title='bbox 503 2239 678 2308; x_wconf 80' lang='lat' dir='ltr'>pecuniarum</span> <span class='ocrx_word' id='word_1_303' title='bbox 696 2237 785 2307; x_wconf 83' lang='lat' dir='ltr'>inopia</span> <span class='ocrx_word' id='word_1_304' title='bbox 816 2236 952 2293; x_wconf 87' lang='lat' dir='ltr'>sullicieus</span> <span class='ocrx_word' id='word_1_305' title='bbox 971 2241 1131 2306; x_wconf 88' lang='lat' dir='ltr'>remedium,</span> <span class='ocrx_word' id='word_1_306' title='bbox 1159 2240 1220 2296; x_wconf 89' lang='lat' dir='ltr'>aliis</span> <span class='ocrx_word' id='word_1_307' title='bbox 1246 2240 1319 2297; x_wconf 88' lang='lat' dir='ltr'>aliud</span> <span class='ocrx_word' id='word_1_308' title='bbox 1357 2241 1466 2299; x_wconf 83' lang='lat' dir='ltr'>salubre</span> <span class='ocrx_word' id='word_1_309' title='bbox 1493 2243 1554 2302; x_wconf 89' lang='lat' dir='ltr'>luit.</span> <span class='ocrx_word' id='word_1_310' title='bbox 1587 2243 1680 2317; x_wconf 82' lang='lat' dir='ltr'>Neque</span> <span class='ocrx_word' id='word_1_311' title='bbox 1705 2246 1776 2302; x_wconf 83' lang='lat' dir='ltr'>idern</span> 
     </span>
     <span class='ocr_line' id='line_1_23' title="bbox 153 2327 1776 2412; baseline 0.006 -27"><span class='ocrx_word' id='word_1_312' title='bbox 153 2332 329 2403; x_wconf 81' lang='lat' dir='ltr'>pharmacum</span> <span class='ocrx_word' id='word_1_313' title='bbox 351 2328 477 2384; x_wconf 84' lang='lat' dir='ltr'>ormdlms</span> <span class='ocrx_word' id='word_1_314' title='bbox 493 2328 657 2383; x_wconf 78' lang='lat' dir='ltr'>adhibitum.</span> <span class='ocrx_word' id='word_1_315' title='bbox 675 2327 798 2397; x_wconf 85' lang='lat' dir='ltr'>Suntque</span> <span class='ocrx_word' id='word_1_316' title='bbox 811 2328 894 2384; x_wconf 89' lang='lat' dir='ltr'>etiam</span> <span class='ocrx_word' id='word_1_317' title='bbox 919 2328 1053 2400; x_wconf 78' lang='lat' dir='ltr'>cuiusque</span> <span class='ocrx_word' id='word_1_318' title='bbox 1067 2330 1154 2412; x_wconf 78' lang='lat' dir='ltr'>rnorlsi</span> <span class='ocrx_word' id='word_1_319' title='bbox 1185 2332 1304 2389; x_wconf 85' lang='lat' dir='ltr'>remedia</span> <span class='ocrx_word' id='word_1_320' title='bbox 1324 2332 1408 2390; x_wconf 83' lang='lat' dir='ltr'>multa</span> <span class='ocrx_word' id='word_1_321' title='bbox 1421 2341 1449 2389; x_wconf 88' lang='lat' dir='ltr'>et</span> <span class='ocrx_word' id='word_1_322' title='bbox 1471 2335 1558 2391; x_wconf 81' lang='lat' dir='ltr'>uaria.</span> <span class='ocrx_word' id='word_1_323' title='bbox 1572 2334 1631 2403; x_wconf 79' lang='lat' dir='ltr'>Qua</span> <span class='ocrx_word' id='word_1_324' title='bbox 1648 2336 1683 2393; x_wconf 91' lang='lat' dir='ltr'>de</span> <span class='ocrx_word' id='word_1_325' title='bbox 1693 2351 1776 2394; x_wconf 88' lang='lat' dir='ltr'>eausa</span> 
     </span>
     <span class='ocr_line' id='line_1_24' title="bbox 153 2417 779 2495; baseline -0.006 -17"><span class='ocrx_word' id='word_1_326' title='bbox 153 2436 199 2478; x_wconf 84' lang='lat' dir='ltr'>ars</span> <span class='ocrx_word' id='word_1_327' title='bbox 213 2433 320 2490; x_wconf 88' lang='lat' dir='ltr'>quoque</span> <span class='ocrx_word' id='word_1_328' title='bbox 336 2417 394 2489; x_wconf 88' lang='lat' dir='ltr'>ipsa</span> <span class='ocrx_word' id='word_1_329' title='bbox 407 2429 449 2474; x_wconf 88' lang='lat' dir='ltr'>est</span> <span class='ocrx_word' id='word_1_330' title='bbox 465 2427 494 2478; x_wconf 90' lang='lat' dir='ltr'>et</span> <span class='ocrx_word' id='word_1_331' title='bbox 509 2419 623 2495; x_wconf 78' lang='lat' dir='ltr'>liabetur</span> <span class='ocrx_word' id='word_1_332' title='bbox 637 2417 779 2474; x_wconf 76' lang='lat' dir='ltr'>illustrior.</span> 
     </span>
    </p>

    <p class='ocr_par' dir='ltr' id='par_1_5' title="bbox 93 2502 1785 4418">
     <span class='ocr_line' id='line_1_25' title="bbox 195 2502 1775 2584; baseline 0.004 -24"><span class='ocrx_word' id='word_1_333' title='bbox 195 2508 265 2563; x_wconf 78' lang='lat' dir='ltr'>&#39;nii&#39;</span> <span class='ocrx_word' id='word_1_334' title='bbox 281 2508 487 2580; x_wconf 78' lang='grc' dir='ltr'>δτήςίατρικής</span> <span class='ocrx_word' id='word_1_335' title='bbox 501 2507 624 2580; x_wconf 86' lang='grc' dir='ltr'>ἀπειρος,</span> <span class='ocrx_word' id='word_1_336' title='bbox 641 2512 666 2564; x_wconf 87' lang='grc' dir='ltr'>εί</span> <span class='ocrx_word' id='word_1_337' title='bbox 676 2508 780 2563; x_wconf 78' lang='grc' dir='ltr'>κατίδοι</span> <span class='ocrx_word' id='word_1_338' title='bbox 795 2508 941 2579; x_wconf 85' lang='grc' dir='ltr'>φάρμακον</span> <span class='ocrx_word' id='word_1_339' title='bbox 1025 2502 1127 2561; x_wconf 76' lang='lat' dir='ltr'>Verum</span> <span class='ocrx_word' id='word_1_340' title='bbox 1142 2506 1188 2577; x_wconf 91' lang='lat' dir='ltr'>qui</span> <span class='ocrx_word' id='word_1_341' title='bbox 1209 2506 1322 2564; x_wconf 78' lang='lat' dir='ltr'>medicae</span> <span class='ocrx_word' id='word_1_342' title='bbox 1345 2506 1483 2563; x_wconf 68' lang='lat' dir='ltr'>inculcetis</span> <span class='ocrx_word' id='word_1_343' title='bbox 1499 2506 1579 2577; x_wconf 80' lang='lat' dir='ltr'>lanius</span> <span class='ocrx_word' id='word_1_344' title='bbox 1595 2517 1640 2566; x_wconf 84' lang='lat' dir='ltr'>est</span> <span class='ocrx_word' id='word_1_345' title='bbox 1653 2510 1775 2584; x_wconf 67' lang='lat' dir='ltr'>ignarus.</span> 
     </span>
     <span class='ocr_line' id='line_1_26' title="bbox 93 2597 1775 2675; baseline 0.003 -18"><span class='ocrx_word' id='word_1_346' title='bbox 93 2609 96 2614; x_wconf 88' lang='lat'>&#39;</span> <span class='ocrx_word' id='word_1_347' title='bbox 154 2602 225 2673; x_wconf 80' lang='grc' dir='ltr'>ὅπερ</span> <span class='ocrx_word' id='word_1_348' title='bbox 248 2602 375 2674; x_wconf 84' lang='grc' dir='ltr'>ήγνάήσε,</span> <span class='ocrx_word' id='word_1_349' title='bbox 398 2601 444 2656; x_wconf 78' lang='grc' dir='ltr'>τὸν</span> <span class='ocrx_word' id='word_1_350' title='bbox 463 2602 553 2673; x_wconf 87' lang='grc' dir='ltr'>ίατρδν</span> <span class='ocrx_word' id='word_1_351' title='bbox 580 2602 761 2674; x_wconf 77' lang='grc' dir='ltr'>ἐλοιδόρησεν.</span> <span class='ocrx_word' id='word_1_352' title='bbox 784 2601 815 2655; x_wconf 82' lang='lat'>&#39;0</span> <span class='ocrx_word' id='word_1_353' title='bbox 833 2600 856 2654; x_wconf 80' lang='grc' dir='ltr'>δ’</span> <span class='ocrx_word' id='word_1_354' title='bbox 872 2600 939 2655; x_wconf 88' lang='grc' dir='ltr'>ἀνευ</span> <span class='ocrx_word' id='word_1_355' title='bbox 990 2597 1025 2666; x_wconf 85' lang='lat' dir='ltr'>ls,</span> <span class='ocrx_word' id='word_1_356' title='bbox 1041 2597 1065 2654; x_wconf 89' lang='lat' dir='ltr'>si</span> <span class='ocrx_word' id='word_1_357' title='bbox 1081 2597 1152 2668; x_wconf 89' lang='lat' dir='ltr'>quod</span> <span class='ocrx_word' id='word_1_358' title='bbox 1176 2607 1256 2653; x_wconf 87' lang='lat' dir='ltr'>antea</span> <span class='ocrx_word' id='word_1_359' title='bbox 1275 2598 1326 2654; x_wconf 80' lang='lat' dir='ltr'>sini</span> <span class='ocrx_word' id='word_1_360' title='bbox 1353 2614 1403 2655; x_wconf 90' lang='lat' dir='ltr'>nec</span> <span class='ocrx_word' id='word_1_361' title='bbox 1418 2600 1508 2655; x_wconf 82' lang='lat' dir='ltr'>risuur</span> <span class='ocrx_word' id='word_1_362' title='bbox 1532 2616 1583 2657; x_wconf 86' lang='lat' dir='ltr'>uec</span> <span class='ocrx_word' id='word_1_363' title='bbox 1605 2603 1775 2675; x_wconf 80' lang='lat' dir='ltr'>exploratum</span> 
     </span>
     <span class='ocr_line' id='line_1_27' title="bbox 153 2688 1775 2767; baseline 0.004 -20"><span class='ocrx_word' id='word_1_364' title='bbox 153 2693 233 2764; x_wconf 83' lang='grc' dir='ltr'>λόγου</span> <span class='ocrx_word' id='word_1_365' title='bbox 243 2692 453 2765; x_wconf 79' lang='grc' dir='ltr'>καλέπιστήμης</span> <span class='ocrx_word' id='word_1_366' title='bbox 465 2692 639 2766; x_wconf 80' lang='grc' dir='ltr'>ίπιμδαίνων</span> <span class='ocrx_word' id='word_1_367' title='bbox 650 2695 685 2765; x_wconf 83' lang='grc' dir='ltr'>πή</span> <span class='ocrx_word' id='word_1_368' title='bbox 700 2692 792 2767; x_wconf 75' lang='grc' dir='ltr'>τέχνῃ,</span> <span class='ocrx_word' id='word_1_369' title='bbox 803 2692 832 2745; x_wconf 83' lang='grc' dir='ltr'>ἀν</span> <span class='ocrx_word' id='word_1_370' title='bbox 845 2689 941 2761; x_wconf 85' lang='grc' dir='ltr'>μαθὼν</span> <span class='ocrx_word' id='word_1_371' title='bbox 989 2688 1217 2748; x_wconf 76' lang='lat' dir='ltr'>medicamentum</span> <span class='ocrx_word' id='word_1_372' title='bbox 1230 2690 1314 2754; x_wconf 82' lang='lat' dir='ltr'>vider,</span> <span class='ocrx_word' id='word_1_373' title='bbox 1325 2690 1461 2746; x_wconf 89' lang='lat' dir='ltr'>medicum</span> <span class='ocrx_word' id='word_1_374' title='bbox 1476 2690 1566 2762; x_wconf 85' lang='lat' dir='ltr'>ipsum</span> <span class='ocrx_word' id='word_1_375' title='bbox 1578 2694 1709 2753; x_wconf 85' lang='lat' dir='ltr'>conuiciis</span> <span class='ocrx_word' id='word_1_376' title='bbox 1719 2707 1775 2753; x_wconf 84' lang='lat' dir='ltr'>sta·</span> 
     </span>
     <span class='ocr_line' id='line_1_28' title="bbox 152 2778 1775 2859; baseline 0.002 -17"><span class='ocrx_word' id='word_1_377' title='bbox 152 2788 309 2859; x_wconf 70' lang='lat' dir='ltr'>pippinum,</span> <span class='ocrx_word' id='word_1_378' title='bbox 326 2786 406 2841; x_wconf 83' lang='grc' dir='ltr'>τοῦτο</span> <span class='ocrx_word' id='word_1_379' title='bbox 420 2784 477 2858; x_wconf 78' lang='lat' dir='ltr'>(dd)</span> <span class='ocrx_word' id='word_1_380' title='bbox 494 2787 578 2841; x_wconf 77' lang='grc' dir='ltr'>πᾶσιν</span> <span class='ocrx_word' id='word_1_381' title='bbox 593 2786 690 2853; x_wconf 79' lang='grc' dir='ltr'>ίπάγτι</span> <span class='ocrx_word' id='word_1_382' title='bbox 702 2787 759 2849; x_wconf 80' lang='grc' dir='ltr'>τοῖς</span> <span class='ocrx_word' id='word_1_383' title='bbox 770 2785 938 2855; x_wconf 75' lang='grc' dir='ltr'>κάμνουσιν·</span> <span class='ocrx_word' id='word_1_384' title='bbox 991 2780 1039 2836; x_wconf 75' lang='lat' dir='ltr'>dut</span> <span class='ocrx_word' id='word_1_385' title='bbox 1055 2780 1132 2851; x_wconf 89' lang='lat' dir='ltr'>petil.</span> <span class='ocrx_word' id='word_1_386' title='bbox 1148 2778 1245 2837; x_wconf 85' lang='lat' dir='ltr'>Solent</span> <span class='ocrx_word' id='word_1_387' title='bbox 1259 2781 1334 2836; x_wconf 89' lang='lat' dir='ltr'>enim</span> <span class='ocrx_word' id='word_1_388' title='bbox 1350 2782 1396 2851; x_wconf 87' lang='lat' dir='ltr'>qui</span> <span class='ocrx_word' id='word_1_389' title='bbox 1411 2782 1471 2838; x_wconf 85' lang='lat' dir='ltr'>siue</span> <span class='ocrx_word' id='word_1_390' title='bbox 1482 2783 1588 2840; x_wconf 80' lang='lat' dir='ltr'>ratione</span> <span class='ocrx_word' id='word_1_391' title='bbox 1606 2794 1635 2842; x_wconf 87' lang='lat' dir='ltr'>el</span> <span class='ocrx_word' id='word_1_392' title='bbox 1649 2786 1775 2845; x_wconf 81' lang='lat' dir='ltr'>doctrina</span> 
     </span>
     <span class='ocr_line' id='line_1_29' title="bbox 150 2874 1775 2952; baseline 0.003 -18"><span class='ocrx_word' id='word_1_393' title='bbox 150 2879 230 2952; x_wconf 76' lang='grc' dir='ltr'>οὐδέν</span> <span class='ocrx_word' id='word_1_394' title='bbox 246 2878 383 2951; x_wconf 86' lang='grc' dir='ltr'>διορίζων,</span> <span class='ocrx_word' id='word_1_395' title='bbox 401 2878 432 2931; x_wconf 82' lang='grc' dir='ltr'>οὐ</span> <span class='ocrx_word' id='word_1_396' title='bbox 456 2877 538 2948; x_wconf 81' lang='grc' dir='ltr'>φύσιν</span> <span class='ocrx_word' id='word_1_397' title='bbox 560 2877 591 2932; x_wconf 82' lang='lat' dir='ltr'>oi</span> <span class='ocrx_word' id='word_1_398' title='bbox 613 2878 714 2951; x_wconf 78' lang='grc' dir='ltr'>κρᾶσιν</span> <span class='ocrx_word' id='word_1_399' title='bbox 728 2876 759 2930; x_wconf 83' lang='grc' dir='ltr'>οὐ</span> <span class='ocrx_word' id='word_1_400' title='bbox 773 2874 875 2949; x_wconf 81' lang='grc' dir='ltr'>χώραν,</span> <span class='ocrx_word' id='word_1_401' title='bbox 889 2874 939 2947; x_wconf 85' lang='grc' dir='ltr'>οθχ</span> <span class='ocrx_word' id='word_1_402' title='bbox 991 2874 1125 2930; x_wconf 87' lang='lat' dir='ltr'>medicam</span> <span class='ocrx_word' id='word_1_403' title='bbox 1139 2885 1227 2930; x_wconf 89' lang='lat' dir='ltr'>artem</span> <span class='ocrx_word' id='word_1_404' title='bbox 1240 2875 1445 2945; x_wconf 72' lang='lat' dir='ltr'>aggrediuntur,</span> <span class='ocrx_word' id='word_1_405' title='bbox 1461 2891 1523 2934; x_wconf 86' lang='lat' dir='ltr'>cum</span> <span class='ocrx_word' id='word_1_406' title='bbox 1539 2891 1622 2935; x_wconf 88' lang='lat' dir='ltr'>unum</span> <span class='ocrx_word' id='word_1_407' title='bbox 1640 2883 1775 2951; x_wconf 89' lang='lat' dir='ltr'>quoddam</span> 
     </span>
     <span class='ocr_line' id='line_1_30' title="bbox 150 2959 1777 3049; baseline 0.009 -32"><span class='ocrx_word' id='word_1_408' title='bbox 150 2968 272 3042; x_wconf 74' lang='grc' dir='ltr'>ήλικίαν,</span> <span class='ocrx_word' id='word_1_409' title='bbox 282 2968 314 3022; x_wconf 76' lang='grc' dir='ltr'>σὺ</span> <span class='ocrx_word' id='word_1_410' title='bbox 328 2959 486 3032; x_wconf 58' lang='lat' dir='ltr'>uniordo</span> <span class='ocrx_word' id='word_1_411' title='bbox 509 2966 587 3020; x_wconf 76' lang='grc' dir='ltr'>οὐδέν</span> <span class='ocrx_word' id='word_1_412' title='bbox 596 2966 642 3020; x_wconf 83' lang='grc' dir='ltr'>τδν</span> <span class='ocrx_word' id='word_1_413' title='bbox 655 2963 852 3035; x_wconf 79' lang='grc' dir='ltr'>τεχνικώτατον</span> <span class='ocrx_word' id='word_1_414' title='bbox 868 2976 940 3032; x_wconf 79' lang='grc' dir='ltr'>παρ·</span> <span class='ocrx_word' id='word_1_415' title='bbox 993 2965 1221 3022; x_wconf 79' lang='lat' dir='ltr'>medicamentum</span> <span class='ocrx_word' id='word_1_416' title='bbox 1254 2966 1414 3037; x_wconf 78' lang='lat' dir='ltr'>coquodnt,</span> <span class='ocrx_word' id='word_1_417' title='bbox 1441 2967 1505 3049; x_wconf 80' lang='lat' dir='ltr'>illud</span> <span class='ocrx_word' id='word_1_418' title='bbox 1536 2970 1624 3041; x_wconf 85' lang='lat' dir='ltr'>ipsum</span> <span class='ocrx_word' id='word_1_419' title='bbox 1651 2973 1777 3031; x_wconf 87' lang='lat' dir='ltr'>omuibus</span> 
     </span>
     <span class='ocr_line' id='line_1_31' title="bbox 153 3053 1776 3132; baseline 0.004 -17"><span class='ocrx_word' id='word_1_420' title='bbox 153 3060 284 3132; x_wconf 86' lang='grc' dir='ltr'>ίδραμεν.</span> <span class='ocrx_word' id='word_1_421' title='bbox 304 3058 393 3124; x_wconf 85' lang='grc' dir='ltr'>Ὀλως</span> <span class='ocrx_word' id='word_1_422' title='bbox 407 3058 436 3112; x_wconf 74' lang='grc' dir='ltr'>δέ</span> <span class='ocrx_word' id='word_1_423' title='bbox 450 3057 531 3113; x_wconf 83' lang='grc' dir='ltr'>πενία</span> <span class='ocrx_word' id='word_1_424' title='bbox 545 3058 593 3111; x_wconf 83' lang='grc' dir='ltr'>καί</span> <span class='ocrx_word' id='word_1_425' title='bbox 601 3056 679 3121; x_wconf 88' lang='grc' dir='ltr'>νδσας</span> <span class='ocrx_word' id='word_1_426' title='bbox 699 3056 747 3111; x_wconf 84' lang='grc' dir='ltr'>καλ</span> <span class='ocrx_word' id='word_1_427' title='bbox 760 3054 794 3110; x_wconf 86' lang='grc' dir='ltr'>τά</span> <span class='ocrx_word' id='word_1_428' title='bbox 805 3054 939 3125; x_wconf 78' lang='grc' dir='ltr'>λεγόμενα</span> <span class='ocrx_word' id='word_1_429' title='bbox 952 3060 976 3124; x_wconf 80' lang='lat' dir='ltr'><strong>c</strong></span> <span class='ocrx_word' id='word_1_430' title='bbox 991 3070 1062 3127; x_wconf 79' lang='lat' dir='ltr'>aeqce</span> <span class='ocrx_word' id='word_1_431' title='bbox 1075 3053 1181 3112; x_wconf 74' lang='lat' dir='ltr'>affectis</span> <span class='ocrx_word' id='word_1_432' title='bbox 1198 3069 1308 3126; x_wconf 84' lang='lat' dir='ltr'>semper</span> <span class='ocrx_word' id='word_1_433' title='bbox 1318 3057 1462 3127; x_wconf 85' lang='lat' dir='ltr'>adhibere,</span> <span class='ocrx_word' id='word_1_434' title='bbox 1483 3059 1554 3116; x_wconf 88' lang='lat' dir='ltr'>nulla</span> <span class='ocrx_word' id='word_1_435' title='bbox 1578 3071 1692 3129; x_wconf 82' lang='lat' dir='ltr'>uaturae,</span> <span class='ocrx_word' id='word_1_436' title='bbox 1705 3071 1776 3120; x_wconf 87' lang='lat' dir='ltr'>tem·</span> 
     </span>
     <span class='ocr_line' id='line_1_32' title="bbox 151 3144 1774 3221; baseline 0.003 -16"><span class='ocrx_word' id='word_1_437' title='bbox 151 3152 240 3214; x_wconf 78' lang='grc' dir='ltr'>κακὰ,</span> <span class='ocrx_word' id='word_1_438' title='bbox 254 3153 311 3215; x_wconf 84' lang='grc' dir='ltr'>τοίς</span> <span class='ocrx_word' id='word_1_439' title='bbox 327 3149 376 3221; x_wconf 78' lang='grc' dir='ltr'>μὲν</span> <span class='ocrx_word' id='word_1_440' title='bbox 389 3149 503 3220; x_wconf 85' lang='grc' dir='ltr'>ἀγαθοῖς</span> <span class='ocrx_word' id='word_1_441' title='bbox 518 3148 610 3202; x_wconf 77' lang='grc' dir='ltr'>οὐδέν·</span> <span class='ocrx_word' id='word_1_442' title='bbox 625 3147 656 3201; x_wconf 85' lang='grc' dir='ltr'>σὺ</span> <span class='ocrx_word' id='word_1_443' title='bbox 668 3145 724 3217; x_wconf 87' lang='grc' dir='ltr'>γάρ</span> <span class='ocrx_word' id='word_1_444' title='bbox 737 3147 778 3210; x_wconf 83' lang='grc' dir='ltr'>τίς</span> <span class='ocrx_word' id='word_1_445' title='bbox 793 3144 936 3217; x_wconf 83' lang='grc' dir='ltr'>πλοῦτονή</span> <span class='ocrx_word' id='word_1_446' title='bbox 990 3147 1156 3219; x_wconf 76' lang='lat' dir='ltr'>potamenti,</span> <span class='ocrx_word' id='word_1_447' title='bbox 1187 3145 1258 3215; x_wconf 85' lang='lat' dir='ltr'>loci,</span> <span class='ocrx_word' id='word_1_448' title='bbox 1287 3149 1385 3214; x_wconf 75' lang='lat' dir='ltr'>etatis,</span> <span class='ocrx_word' id='word_1_449' title='bbox 1410 3149 1500 3206; x_wconf 78' lang='lat' dir='ltr'>morini</span> <span class='ocrx_word' id='word_1_450' title='bbox 1528 3152 1620 3208; x_wconf 84' lang='lat' dir='ltr'>lrablta</span> <span class='ocrx_word' id='word_1_451' title='bbox 1646 3156 1774 3212; x_wconf 72' lang='lat' dir='ltr'>milone:</span> 
     </span>
     <span class='ocr_line' id='line_1_33' title="bbox 152 3236 1774 3314; baseline 0.009 -27"><span class='ocrx_word' id='word_1_452' title='bbox 152 3242 279 3314; x_wconf 66' lang='grc' dir='ltr'>σώματος</span> <span class='ocrx_word' id='word_1_453' title='bbox 294 3240 401 3312; x_wconf 75' lang='grc' dir='ltr'>ῥώμην,</span> <span class='ocrx_word' id='word_1_454' title='bbox 416 3240 433 3313; x_wconf 85' lang='grc' dir='ltr'>ή</span> <span class='ocrx_word' id='word_1_455' title='bbox 448 3239 546 3304; x_wconf 83' lang='grc' dir='ltr'>κάλλος</span> <span class='ocrx_word' id='word_1_456' title='bbox 559 3238 679 3310; x_wconf 85' lang='grc' dir='ltr'>αθσοίςή</span> <span class='ocrx_word' id='word_1_457' title='bbox 694 3236 864 3309; x_wconf 80' lang='grc' dir='ltr'>παρασκευή·</span> <span class='ocrx_word' id='word_1_458' title='bbox 881 3237 938 3302; x_wconf 77' lang='grc' dir='ltr'>τοῖς</span> <span class='ocrx_word' id='word_1_459' title='bbox 990 3253 1104 3309; x_wconf 86' lang='lat' dir='ltr'>quarum</span> <span class='ocrx_word' id='word_1_460' title='bbox 1124 3252 1216 3294; x_wconf 83' lang='lat' dir='ltr'>retum</span> <span class='ocrx_word' id='word_1_461' title='bbox 1233 3253 1294 3294; x_wconf 86' lang='lat' dir='ltr'>eunt</span> <span class='ocrx_word' id='word_1_462' title='bbox 1315 3240 1362 3310; x_wconf 87' lang='lat' dir='ltr'>qui</span> <span class='ocrx_word' id='word_1_463' title='bbox 1383 3244 1487 3311; x_wconf 84' lang='lat' dir='ltr'>peritus</span> <span class='ocrx_word' id='word_1_464' title='bbox 1509 3243 1545 3298; x_wconf 82' lang='lat' dir='ltr'>sit</span> <span class='ocrx_word' id='word_1_465' title='bbox 1563 3243 1632 3300; x_wconf 76' lang='lat' dir='ltr'>artis</span> <span class='ocrx_word' id='word_1_466' title='bbox 1652 3244 1774 3313; x_wconf 59' lang='lat' dir='ltr'>medice,</span> 
     </span>
     <span class='ocr_line' id='line_1_34' title="bbox 151 3326 1775 3403; baseline 0.001 -14"><span class='ocrx_word' id='word_1_467' title='bbox 151 3335 183 3389; x_wconf 77' lang='lat' dir='ltr'>dl</span> <span class='ocrx_word' id='word_1_468' title='bbox 204 3333 382 3403; x_wconf 77' lang='grc' dir='ltr'>φαυλοτάτοις</span> <span class='ocrx_word' id='word_1_469' title='bbox 402 3330 529 3403; x_wconf 83' lang='grc' dir='ltr'>σμμφορά</span> <span class='ocrx_word' id='word_1_470' title='bbox 543 3328 703 3401; x_wconf 82' lang='grc' dir='ltr'>νομίζεται·</span> <span class='ocrx_word' id='word_1_471' title='bbox 720 3326 780 3382; x_wconf 82' lang='grc' dir='ltr'>ἀλλ’</span> <span class='ocrx_word' id='word_1_472' title='bbox 797 3328 873 3398; x_wconf 79' lang='grc' dir='ltr'>ὅμως</span> <span class='ocrx_word' id='word_1_473' title='bbox 888 3328 939 3382; x_wconf 85' lang='grc' dir='ltr'>κά·</span> <span class='ocrx_word' id='word_1_474' title='bbox 992 3329 1059 3385; x_wconf 85' lang='lat' dir='ltr'>niltil</span> <span class='ocrx_word' id='word_1_475' title='bbox 1076 3329 1186 3384; x_wconf 85' lang='lat' dir='ltr'>omuino</span> <span class='ocrx_word' id='word_1_476' title='bbox 1200 3331 1375 3399; x_wconf 66' lang='lat' dir='ltr'>preterisset</span> <span class='ocrx_word' id='word_1_477' title='bbox 1395 3330 1611 3389; x_wconf 78' lang='lat' dir='ltr'>Existimandurn</span> <span class='ocrx_word' id='word_1_478' title='bbox 1632 3343 1775 3391; x_wconf 78' lang='lat' dir='ltr'>celantem</span> 
     </span>
     <span class='ocr_line' id='line_1_35' title="bbox 152 3420 1776 3497; baseline -0.001 -16"><span class='ocrx_word' id='word_1_479' title='bbox 152 3427 254 3491; x_wconf 87' lang='grc' dir='ltr'>κείνοις</span> <span class='ocrx_word' id='word_1_480' title='bbox 267 3426 309 3480; x_wconf 77' lang='lat' dir='ltr'>irc</span> <span class='ocrx_word' id='word_1_481' title='bbox 325 3425 425 3497; x_wconf 79' lang='grc' dir='ltr'>μᾶλλον</span> <span class='ocrx_word' id='word_1_482' title='bbox 446 3423 607 3495; x_wconf 70' lang='grc' dir='ltr'>συνήνεγκε.</span> <span class='ocrx_word' id='word_1_483' title='bbox 623 3423 719 3477; x_wconf 85' lang='grc' dir='ltr'>Πάσαν</span> <span class='ocrx_word' id='word_1_484' title='bbox 732 3421 787 3495; x_wconf 78' lang='grc' dir='ltr'>γὰρ</span> <span class='ocrx_word' id='word_1_485' title='bbox 797 3421 829 3493; x_wconf 84' lang='grc' dir='ltr'>δή</span> <span class='ocrx_word' id='word_1_486' title='bbox 838 3420 939 3475; x_wconf 87' lang='grc' dir='ltr'>κακίαν</span> <span class='ocrx_word' id='word_1_487' title='bbox 992 3421 1114 3484; x_wconf 81' lang='lat' dir='ltr'>oumino,</span> <span class='ocrx_word' id='word_1_488' title='bbox 1135 3430 1189 3475; x_wconf 84' lang='lat' dir='ltr'>nee</span> <span class='ocrx_word' id='word_1_489' title='bbox 1202 3420 1368 3490; x_wconf 82' lang='lat' dir='ltr'>pauperiem,</span> <span class='ocrx_word' id='word_1_490' title='bbox 1391 3437 1442 3478; x_wconf 90' lang='lat' dir='ltr'>nec</span> <span class='ocrx_word' id='word_1_491' title='bbox 1466 3424 1602 3490; x_wconf 85' lang='lat' dir='ltr'>morbum,</span> <span class='ocrx_word' id='word_1_492' title='bbox 1628 3438 1678 3481; x_wconf 89' lang='lat' dir='ltr'>nec</span> <span class='ocrx_word' id='word_1_493' title='bbox 1701 3439 1776 3496; x_wconf 75' lang='lat' dir='ltr'>quae·</span> 
     </span>
     <span class='ocr_line' id='line_1_36' title="bbox 152 3509 1776 3589; baseline -0.001 -17"><span class='ocrx_word' id='word_1_494' title='bbox 152 3518 235 3589; x_wconf 71' lang='grc' dir='ltr'>ἡδονή</span> <span class='ocrx_word' id='word_1_495' title='bbox 255 3516 305 3588; x_wconf 75' lang='grc' dir='ltr'>μέν</span> <span class='ocrx_word' id='word_1_496' title='bbox 319 3515 414 3587; x_wconf 81' lang='grc' dir='ltr'>ὥσπερ</span> <span class='ocrx_word' id='word_1_497' title='bbox 436 3514 526 3568; x_wconf 78' lang='grc' dir='ltr'>ἔλαιον</span> <span class='ocrx_word' id='word_1_498' title='bbox 551 3512 638 3582; x_wconf 83' lang='grc' dir='ltr'>φλόγα</span> <span class='ocrx_word' id='word_1_499' title='bbox 663 3511 805 3581; x_wconf 78' lang='grc' dir='ltr'>διεγείρει·</span> <span class='ocrx_word' id='word_1_500' title='bbox 821 3509 894 3581; x_wconf 79' lang='grc' dir='ltr'>λύπη</span> <span class='ocrx_word' id='word_1_501' title='bbox 908 3509 938 3563; x_wconf 75' lang='grc' dir='ltr'>δέ</span> <span class='ocrx_word' id='word_1_502' title='bbox 986 3527 1093 3582; x_wconf 90' lang='lat' dir='ltr'>ouuqne</span> <span class='ocrx_word' id='word_1_503' title='bbox 1110 3512 1164 3566; x_wconf 92' lang='lat' dir='ltr'>alia</span> <span class='ocrx_word' id='word_1_504' title='bbox 1180 3525 1241 3580; x_wconf 73' lang='lat' dir='ltr'>cquae</span> <span class='ocrx_word' id='word_1_505' title='bbox 1260 3511 1340 3583; x_wconf 79' lang='lat' dir='ltr'>vulgo</span> <span class='ocrx_word' id='word_1_506' title='bbox 1354 3511 1483 3568; x_wconf 85' lang='lat' dir='ltr'>uidentur</span> <span class='ocrx_word' id='word_1_507' title='bbox 1500 3522 1528 3569; x_wconf 84' lang='lat' dir='ltr'>ei</span> <span class='ocrx_word' id='word_1_508' title='bbox 1544 3515 1672 3570; x_wconf 87' lang='lat' dir='ltr'>dicuntur</span> <span class='ocrx_word' id='word_1_509' title='bbox 1690 3516 1776 3580; x_wconf 82' lang='lat' dir='ltr'>mala,</span> 
     </span>
     <span class='ocr_line' id='line_1_37' title="bbox 151 3599 1777 3680; baseline -0.004 -15"><span class='ocrx_word' id='word_1_510' title='bbox 151 3610 279 3680; x_wconf 80' lang='grc' dir='ltr'>καθάπερ</span> <span class='ocrx_word' id='word_1_511' title='bbox 296 3606 312 3660; x_wconf 87' lang='grc' dir='ltr'>θ</span> <span class='ocrx_word' id='word_1_512' title='bbox 327 3605 518 3678; x_wconf 73' lang='grc' dir='ltr'>μανδραγόρας</span> <span class='ocrx_word' id='word_1_513' title='bbox 532 3603 588 3675; x_wconf 80' lang='grc'><strong>(66)</strong></span> <span class='ocrx_word' id='word_1_514' title='bbox 607 3601 718 3669; x_wconf 83' lang='grc' dir='ltr'>κομίζει</span> <span class='ocrx_word' id='word_1_515' title='bbox 740 3599 806 3674; x_wconf 91' lang='grc'><strong>(66).</strong></span> <span class='ocrx_word' id='word_1_516' title='bbox 831 3601 870 3655; x_wconf 82' lang='lat' dir='ltr'>ou</span> <span class='ocrx_word' id='word_1_517' title='bbox 883 3599 938 3671; x_wconf 77' lang='grc' dir='ltr'>γὰρ</span> <span class='ocrx_word' id='word_1_518' title='bbox 986 3602 1021 3657; x_wconf 91' lang='lat' dir='ltr'>lis</span> <span class='ocrx_word' id='word_1_519' title='bbox 1035 3602 1080 3670; x_wconf 93' lang='lat' dir='ltr'>qui</span> <span class='ocrx_word' id='word_1_520' title='bbox 1092 3600 1154 3656; x_wconf 88' lang='lat' dir='ltr'>boni</span> <span class='ocrx_word' id='word_1_521' title='bbox 1165 3608 1238 3667; x_wconf 86' lang='lat' dir='ltr'>sunt,</span> <span class='ocrx_word' id='word_1_522' title='bbox 1255 3616 1315 3656; x_wconf 89' lang='lat' dir='ltr'>esse</span> <span class='ocrx_word' id='word_1_523' title='bbox 1328 3601 1397 3656; x_wconf 86' lang='lat' dir='ltr'>mala</span> <span class='ocrx_word' id='word_1_524' title='bbox 1410 3619 1418 3657; x_wconf 84' lang='grc' dir='ltr'>ι</span> <span class='ocrx_word' id='word_1_525' title='bbox 1431 3605 1540 3672; x_wconf 92' lang='lat' dir='ltr'>quando</span> <span class='ocrx_word' id='word_1_526' title='bbox 1559 3604 1610 3673; x_wconf 88' lang='lat' dir='ltr'>ipsi</span> <span class='ocrx_word' id='word_1_527' title='bbox 1634 3619 1723 3674; x_wconf 89' lang='lat' dir='ltr'>neque</span> <span class='ocrx_word' id='word_1_528' title='bbox 1734 3604 1777 3661; x_wconf 89' lang='lat' dir='ltr'>di·</span> 
     </span>
     <span class='ocr_line' id='line_1_38' title="bbox 153 3689 1776 3774; baseline -0.001 -20"><span class='ocrx_word' id='word_1_529' title='bbox 153 3701 234 3774; x_wconf 86' lang='grc' dir='ltr'>μθνον</span> <span class='ocrx_word' id='word_1_530' title='bbox 248 3701 277 3752; x_wconf 77' lang='grc' dir='ltr'>ἐν</span> <span class='ocrx_word' id='word_1_531' title='bbox 294 3700 353 3762; x_wconf 82' lang='grc' dir='ltr'>ταῖς</span> <span class='ocrx_word' id='word_1_532' title='bbox 373 3697 506 3768; x_wconf 84' lang='grc' dir='ltr'>σώμασιν,</span> <span class='ocrx_word' id='word_1_533' title='bbox 538 3693 605 3748; x_wconf 90' lang='grc' dir='ltr'>ἀλλά</span> <span class='ocrx_word' id='word_1_534' title='bbox 622 3693 671 3748; x_wconf 84' lang='grc' dir='ltr'>καλ</span> <span class='ocrx_word' id='word_1_535' title='bbox 690 3694 751 3757; x_wconf 74' lang='grc' dir='ltr'>ταῖς</span> <span class='ocrx_word' id='word_1_536' title='bbox 777 3692 878 3763; x_wconf 74' lang='grc' dir='ltr'>ψυχαῖς</span> <span class='ocrx_word' id='word_1_537' title='bbox 902 3689 937 3744; x_wconf 84' lang='grc' dir='ltr'>σά</span> <span class='ocrx_word' id='word_1_538' title='bbox 986 3689 1264 3763; x_wconf 64' lang='lat' dir='ltr'>sitiisfflneque</span> <span class='ocrx_word' id='word_1_539' title='bbox 1276 3692 1400 3762; x_wconf 82' lang='lat' dir='ltr'>corporis</span> <span class='ocrx_word' id='word_1_540' title='bbox 1408 3693 1500 3750; x_wconf 82' lang='lat' dir='ltr'>robori</span> <span class='ocrx_word' id='word_1_541' title='bbox 1508 3693 1689 3765; x_wconf 78' lang='lat' dir='ltr'>atqueiormae</span> <span class='ocrx_word' id='word_1_542' title='bbox 1700 3710 1776 3752; x_wconf 85' lang='lat' dir='ltr'>com·</span> 
     </span>
     <span class='ocr_line' id='line_1_39' title="bbox 152 3781 1777 3858; baseline -0.002 -12"><span class='ocrx_word' id='word_1_543' title='bbox 152 3790 263 3846; x_wconf 84' lang='grc' dir='ltr'>έναντία</span> <span class='ocrx_word' id='word_1_544' title='bbox 274 3788 330 3844; x_wconf 80' lang='grc' dir='ltr'>τῶν</span> <span class='ocrx_word' id='word_1_545' title='bbox 337 3788 467 3843; x_wconf 86' lang='grc' dir='ltr'>έναντίων</span> <span class='ocrx_word' id='word_1_546' title='bbox 480 3786 536 3858; x_wconf 79' lang='grc'><strong>(67)</strong></span> <span class='ocrx_word' id='word_1_547' title='bbox 550 3785 653 3857; x_wconf 87' lang='grc' dir='ltr'>ίάματα</span> <span class='ocrx_word' id='word_1_548' title='bbox 668 3785 801 3854; x_wconf 84' lang='grc' dir='ltr'>γίγνεται.</span> <span class='ocrx_word' id='word_1_549' title='bbox 823 3783 880 3836; x_wconf 84' lang='grc' dir='ltr'>Οὐκ</span> <span class='ocrx_word' id='word_1_550' title='bbox 894 3781 938 3837; x_wconf 79' lang='grc' dir='ltr'>ἀεὶ</span> <span class='ocrx_word' id='word_1_551' title='bbox 988 3784 1115 3856; x_wconf 88' lang='lat' dir='ltr'>parandis</span> <span class='ocrx_word' id='word_1_552' title='bbox 1132 3781 1245 3837; x_wconf 88' lang='lat' dir='ltr'>multum</span> <span class='ocrx_word' id='word_1_553' title='bbox 1264 3783 1383 3838; x_wconf 86' lang='lat' dir='ltr'>student.</span> <span class='ocrx_word' id='word_1_554' title='bbox 1396 3782 1473 3841; x_wconf 82' lang='lat' dir='ltr'>llalis</span> <span class='ocrx_word' id='word_1_555' title='bbox 1488 3791 1577 3840; x_wconf 85' lang='lat' dir='ltr'>auten</span> <span class='ocrx_word' id='word_1_556' title='bbox 1599 3785 1657 3841; x_wconf 78' lang='lat' dir='ltr'>luaee</span> <span class='ocrx_word' id='word_1_557' title='bbox 1681 3786 1777 3843; x_wconf 79' lang='lat' dir='ltr'>existi·</span> 
     </span>
     <span class='ocr_line' id='line_1_40' title="bbox 153 3872 1776 3956; baseline -0.002 -18"><span class='ocrx_word' id='word_1_558' title='bbox 153 3884 184 3938; x_wconf 78' lang='lat' dir='ltr'>ui</span> <span class='ocrx_word' id='word_1_559' title='bbox 205 3883 341 3956; x_wconf 81' lang='grc' dir='ltr'>μέλλουσα</span> <span class='ocrx_word' id='word_1_560' title='bbox 356 3883 441 3937; x_wconf 88' lang='grc' dir='ltr'>κακία</span> <span class='ocrx_word' id='word_1_561' title='bbox 462 3879 532 3950; x_wconf 80' lang='grc' dir='ltr'>νδσιρ</span> <span class='ocrx_word' id='word_1_562' title='bbox 553 3877 810 3949; x_wconf 80' lang='grc' dir='ltr'>προαναστέλλτται.</span> <span class='ocrx_word' id='word_1_563' title='bbox 830 3874 869 3929; x_wconf 83' lang='lat' dir='ltr'>oi</span> <span class='ocrx_word' id='word_1_564' title='bbox 883 3875 937 3947; x_wconf 89' lang='grc' dir='ltr'>γάρ</span> <span class='ocrx_word' id='word_1_565' title='bbox 990 3885 1101 3929; x_wconf 82' lang='lat' dir='ltr'>mansur</span> <span class='ocrx_word' id='word_1_566' title='bbox 1115 3872 1199 3940; x_wconf 87' lang='lat' dir='ltr'>mala,</span> <span class='ocrx_word' id='word_1_567' title='bbox 1215 3887 1276 3942; x_wconf 78' lang='lat' dir='ltr'>quae</span> <span class='ocrx_word' id='word_1_568' title='bbox 1289 3873 1371 3928; x_wconf 87' lang='lat' dir='ltr'>etiam</span> <span class='ocrx_word' id='word_1_569' title='bbox 1387 3875 1466 3931; x_wconf 86' lang='lat' dir='ltr'>bonis</span> <span class='ocrx_word' id='word_1_570' title='bbox 1481 3877 1618 3946; x_wconf 89' lang='lat' dir='ltr'>potuerint</span> <span class='ocrx_word' id='word_1_571' title='bbox 1636 3875 1699 3933; x_wconf 84' lang='lat' dir='ltr'>boul</span> <span class='ocrx_word' id='word_1_572' title='bbox 1714 3877 1776 3949; x_wconf 88' lang='lat' dir='ltr'>plus</span> 
     </span>
     <span class='ocr_line' id='line_1_41' title="bbox 156 3958 1777 4046; baseline -0.002 -18"><span class='ocrx_word' id='word_1_573' title='bbox 156 3974 213 4030; x_wconf 81' lang='grc' dir='ltr'>Ιδτι</span> <span class='ocrx_word' id='word_1_574' title='bbox 230 3972 421 4046; x_wconf 84' lang='grc' dir='ltr'>τήνίλρίνοιαυ</span> <span class='ocrx_word' id='word_1_575' title='bbox 430 3970 516 4034; x_wconf 78' lang='grc' dir='ltr'>οὓτως</span> <span class='ocrx_word' id='word_1_576' title='bbox 530 3965 613 4036; x_wconf 88' lang='grc' dir='ltr'>είναι,</span> <span class='ocrx_word' id='word_1_577' title='bbox 622 3968 660 4032; x_wconf 83' lang='grc' dir='ltr'>ὡς</span> <span class='ocrx_word' id='word_1_578' title='bbox 672 3967 756 4039; x_wconf 81' lang='grc' dir='ltr'>μηδλν</span> <span class='ocrx_word' id='word_1_579' title='bbox 766 3966 841 4037; x_wconf 84' lang='grc' dir='ltr'>ήμάς</span> <span class='ocrx_word' id='word_1_580' title='bbox 857 3958 936 4018; x_wconf 80' lang='lat' dir='ltr'>sinat·</span> <span class='ocrx_word' id='word_1_581' title='bbox 988 3964 1097 4019; x_wconf 81' lang='lat' dir='ltr'>aderre.</span> <span class='ocrx_word' id='word_1_582' title='bbox 1121 3961 1218 4019; x_wconf 80' lang='lat' dir='ltr'>Omnis</span> <span class='ocrx_word' id='word_1_583' title='bbox 1248 3967 1322 4019; x_wconf 86' lang='lat' dir='ltr'>enim</span> <span class='ocrx_word' id='word_1_584' title='bbox 1348 3972 1454 4021; x_wconf 78' lang='lat' dir='ltr'>naturae</span> <span class='ocrx_word' id='word_1_585' title='bbox 1478 3966 1612 4022; x_wconf 83' lang='lat' dir='ltr'>uitiositas</span> <span class='ocrx_word' id='word_1_586' title='bbox 1636 3968 1777 4036; x_wconf 85' lang='lat' dir='ltr'>uoluptate</span> 
     </span>
     <span class='ocr_line' id='line_1_42' title="bbox 160 4053 1777 4136; baseline 0.001 -19"><span class='ocrx_word' id='word_1_587' title='bbox 160 4066 248 4120; x_wconf 83' lang='grc' dir='ltr'>πάντα</span> <span class='ocrx_word' id='word_1_588' title='bbox 271 4066 326 4135; x_wconf 86' lang='grc' dir='ltr'>γάρ</span> <span class='ocrx_word' id='word_1_589' title='bbox 338 4064 419 4136; x_wconf 65' lang='lat' dir='ltr'>eosq&lt;</span> <span class='ocrx_word' id='word_1_590' title='bbox 442 4062 583 4133; x_wconf 83' lang='grc' dir='ltr'>Προνοίας,</span> <span class='ocrx_word' id='word_1_591' title='bbox 597 4061 652 4116; x_wconf 75' lang='grc' dir='ltr'>οὐδ’</span> <span class='ocrx_word' id='word_1_592' title='bbox 670 4058 726 4133; x_wconf 86' lang='grc'><strong>(68)</strong></span> <span class='ocrx_word' id='word_1_593' title='bbox 741 4057 774 4113; x_wconf 81' lang='grc' dir='ltr'>ἀν</span> <span class='ocrx_word' id='word_1_594' title='bbox 786 4058 840 4129; x_wconf 85' lang='grc' dir='ltr'>τίη.</span> <span class='ocrx_word' id='word_1_595' title='bbox 860 4057 939 4121; x_wconf 88' lang='grc' dir='ltr'>Τίνος</span> <span class='ocrx_word' id='word_1_596' title='bbox 990 4054 1062 4111; x_wconf 80' lang='lat' dir='ltr'>haud</span> <span class='ocrx_word' id='word_1_597' title='bbox 1079 4068 1158 4111; x_wconf 84' lang='lat' dir='ltr'>secus</span> <span class='ocrx_word' id='word_1_598' title='bbox 1171 4063 1253 4124; x_wconf 85' lang='lat' dir='ltr'>alque</span> <span class='ocrx_word' id='word_1_599' title='bbox 1263 4055 1325 4112; x_wconf 85' lang='lat' dir='ltr'>oleo</span> <span class='ocrx_word' id='word_1_600' title='bbox 1338 4053 1447 4113; x_wconf 76' lang='lat' dir='ltr'>damma</span> <span class='ocrx_word' id='word_1_601' title='bbox 1463 4058 1647 4116; x_wconf 80' lang='lat' dir='ltr'>exsuscilatur</span> <span class='ocrx_word' id='word_1_602' title='bbox 1661 4077 1669 4114; x_wconf 82' lang='grc' dir='ltr'>ι</span> <span class='ocrx_word' id='word_1_603' title='bbox 1683 4058 1777 4118; x_wconf 76' lang='lat' dir='ltr'>dolore</span> 
     </span>
     <span class='ocr_line' id='line_1_43' title="bbox 160 4145 1778 4228; baseline -0.001 -18"><span class='ocrx_word' id='word_1_604' title='bbox 160 4154 214 4228; x_wconf 86' lang='grc' dir='ltr'>γάρ</span> <span class='ocrx_word' id='word_1_605' title='bbox 227 4154 261 4211; x_wconf 85' lang='grc' dir='ltr'>ἀν</span> <span class='ocrx_word' id='word_1_606' title='bbox 277 4157 335 4228; x_wconf 77' lang='lat' dir='ltr'>atq,</span> <span class='ocrx_word' id='word_1_607' title='bbox 353 4155 378 4210; x_wconf 83' lang='grc' dir='ltr'>τί</span> <span class='ocrx_word' id='word_1_608' title='bbox 390 4155 421 4212; x_wconf 80' lang='lat' dir='ltr'>ri</span> <span class='ocrx_word' id='word_1_609' title='bbox 432 4155 526 4220; x_wconf 72' lang='grc' dir='ltr'>Θείους</span> <span class='ocrx_word' id='word_1_610' title='bbox 991 4161 1057 4204; x_wconf 85' lang='lat' dir='ltr'>uero</span> <span class='ocrx_word' id='word_1_611' title='bbox 1071 4160 1122 4203; x_wconf 91' lang='lat' dir='ltr'>ceu</span> <span class='ocrx_word' id='word_1_612' title='bbox 1138 4145 1318 4215; x_wconf 76' lang='lat' dir='ltr'>mandragora</span> <span class='ocrx_word' id='word_1_613' title='bbox 1330 4147 1446 4219; x_wconf 83' lang='lat' dir='ltr'>sopitur.</span> <span class='ocrx_word' id='word_1_614' title='bbox 1463 4147 1558 4222; x_wconf 84' lang='lat' dir='ltr'>lleque</span> <span class='ocrx_word' id='word_1_615' title='bbox 1575 4152 1648 4209; x_wconf 86' lang='lat' dir='ltr'>enirn</span> <span class='ocrx_word' id='word_1_616' title='bbox 1670 4153 1697 4208; x_wconf 91' lang='lat' dir='ltr'>in</span> <span class='ocrx_word' id='word_1_617' title='bbox 1718 4166 1778 4209; x_wconf 87' lang='lat' dir='ltr'>eor·</span> 
     </span>
     <span class='ocr_line' id='line_1_44' title="bbox 157 4236 1777 4319; baseline -0.003 -14"><span class='ocrx_word' id='word_1_618' title='bbox 157 4248 268 4319; x_wconf 76' lang='lat' dir='ltr'>poribus</span> <span class='ocrx_word' id='word_1_619' title='bbox 285 4246 374 4314; x_wconf 76' lang='lat' dir='ltr'>morlo.</span> <span class='ocrx_word' id='word_1_620' title='bbox 405 4259 499 4303; x_wconf 87' lang='lat' dir='ltr'>rerum</span> <span class='ocrx_word' id='word_1_621' title='bbox 524 4242 607 4300; x_wconf 88' lang='lat' dir='ltr'>etlam</span> <span class='ocrx_word' id='word_1_622' title='bbox 633 4238 799 4307; x_wconf 86' lang='lat' dir='ltr'>inanimis,</span> <span class='ocrx_word' id='word_1_623' title='bbox 833 4236 972 4296; x_wconf 85' lang='lat' dir='ltr'>contraria</span> <span class='ocrx_word' id='word_1_624' title='bbox 989 4237 1136 4297; x_wconf 84' lang='lat' dir='ltr'>contrariis</span> <span class='ocrx_word' id='word_1_625' title='bbox 1167 4236 1291 4296; x_wconf 82' lang='lat' dir='ltr'>adhibita</span> <span class='ocrx_word' id='word_1_626' title='bbox 1322 4239 1443 4297; x_wconf 87' lang='lat' dir='ltr'>remedio</span> <span class='ocrx_word' id='word_1_627' title='bbox 1463 4240 1553 4298; x_wconf 90' lang='lat' dir='ltr'>solent</span> <span class='ocrx_word' id='word_1_628' title='bbox 1583 4256 1655 4299; x_wconf 90' lang='lat' dir='ltr'>esse.</span> <span class='ocrx_word' id='word_1_629' title='bbox 1681 4241 1777 4315; x_wconf 82' lang='lat' dir='ltr'>Neque</span> 
     </span>
     <span class='ocr_line' id='line_1_45' title="bbox 155 4329 1785 4418; baseline -0.003 -20"><span class='ocrx_word' id='word_1_630' title='bbox 155 4341 238 4400; x_wconf 83' lang='lat' dir='ltr'>etiam</span> <span class='ocrx_word' id='word_1_631' title='bbox 252 4338 343 4397; x_wconf 81' lang='lat' dir='ltr'>lutura</span> <span class='ocrx_word' id='word_1_632' title='bbox 356 4336 473 4403; x_wconf 81' lang='lat' dir='ltr'>malitia,</span> <span class='ocrx_word' id='word_1_633' title='bbox 490 4333 647 4407; x_wconf 84' lang='lat' dir='ltr'>priusquam</span> <span class='ocrx_word' id='word_1_634' title='bbox 666 4333 692 4390; x_wconf 92' lang='lat' dir='ltr'>in</span> <span class='ocrx_word' id='word_1_635' title='bbox 727 4342 850 4405; x_wconf 86' lang='lat' dir='ltr'>apertum</span> <span class='ocrx_word' id='word_1_636' title='bbox 884 4342 1020 4402; x_wconf 79' lang='lat' dir='ltr'>erumpat,</span> <span class='ocrx_word' id='word_1_637' title='bbox 1034 4344 1142 4402; x_wconf 85' lang='lat' dir='ltr'>semper</span> <span class='ocrx_word' id='word_1_638' title='bbox 1171 4329 1263 4402; x_wconf 89' lang='lat' dir='ltr'>aliquo</span> <span class='ocrx_word' id='word_1_639' title='bbox 1276 4332 1374 4388; x_wconf 86' lang='lat' dir='ltr'>morbo</span> <span class='ocrx_word' id='word_1_640' title='bbox 1388 4331 1563 4402; x_wconf 77' lang='lat' dir='ltr'>reprimitur:</span> <span class='ocrx_word' id='word_1_641' title='bbox 1579 4335 1688 4406; x_wconf 90' lang='lat' dir='ltr'>quando</span> <span class='ocrx_word' id='word_1_642' title='bbox 1701 4333 1768 4393; x_wconf 83' lang='lat' dir='ltr'>Pro·</span> <span class='ocrx_word' id='word_1_643' title='bbox 1782 4411 1785 4418; x_wconf 63' lang='lat'><em>,</em></span> 
     </span>
    </p>
   </div>
   <div class='ocr_carea' id='block_1_5' title="bbox 103 4508 1776 5566">
    <p class='ocr_par' dir='ltr' id='par_1_6' title="bbox 103 4508 1775 4862">
     <span class='ocr_line' id='line_1_46' title="bbox 189 4508 1775 4588; baseline -0.001 -16"><span class='ocrx_word' id='word_1_644' title='bbox 189 4515 246 4588; x_wconf 82' lang='grc'><strong>(61)</strong></span> <span class='ocrx_word' id='word_1_645' title='bbox 260 4515 318 4571; x_wconf 86' lang='lat' dir='ltr'>Non</span> <span class='ocrx_word' id='word_1_646' title='bbox 335 4525 377 4570; x_wconf 89' lang='lat' dir='ltr'>est</span> <span class='ocrx_word' id='word_1_647' title='bbox 393 4517 451 4571; x_wconf 82' lang='lat' dir='ltr'>lraec</span> <span class='ocrx_word' id='word_1_648' title='bbox 464 4514 560 4571; x_wconf 80' lang='lat' dir='ltr'>Latine</span> <span class='ocrx_word' id='word_1_649' title='bbox 572 4515 611 4570; x_wconf 88' lang='lat' dir='ltr'>sio</span> <span class='ocrx_word' id='word_1_650' title='bbox 626 4512 727 4567; x_wconf 88' lang='lat' dir='ltr'>dicere.</span> <span class='ocrx_word' id='word_1_651' title='bbox 745 4509 813 4566; x_wconf 86' lang='lat' dir='ltr'>linio</span> <span class='ocrx_word' id='word_1_652' title='bbox 827 4523 882 4565; x_wconf 90' lang='lat' dir='ltr'>nou</span> <span class='ocrx_word' id='word_1_653' title='bbox 897 4508 937 4566; x_wconf 80' lang='lat' dir='ltr'>si·</span> <span class='ocrx_word' id='word_1_654' title='bbox 951 4515 975 4572; x_wconf 83' lang='lat' dir='ltr'>li</span> <span class='ocrx_word' id='word_1_655' title='bbox 988 4509 1078 4579; x_wconf 83' lang='grc' dir='ltr'>λιμάν·</span> <span class='ocrx_word' id='word_1_656' title='bbox 1092 4509 1172 4566; x_wconf 83' lang='grc' dir='ltr'>τοῦτο</span> <span class='ocrx_word' id='word_1_657' title='bbox 1179 4510 1209 4564; x_wconf 88' lang='grc' dir='ltr'>δέ</span> <span class='ocrx_word' id='word_1_658' title='bbox 1219 4511 1277 4565; x_wconf 81' lang='lat' dir='ltr'>loru</span> <span class='ocrx_word' id='word_1_659' title='bbox 1290 4510 1402 4582; x_wconf 81' lang='grc' dir='ltr'>βρῶσις·</span> <span class='ocrx_word' id='word_1_660' title='bbox 1415 4511 1504 4583; x_wconf 82' lang='grc' dir='ltr'>τούτῳ</span> <span class='ocrx_word' id='word_1_661' title='bbox 1512 4511 1567 4584; x_wconf 88' lang='grc' dir='ltr'>ἀρα</span> <span class='ocrx_word' id='word_1_662' title='bbox 1580 4511 1667 4565; x_wconf 69' lang='lat' dir='ltr'>inciso</span> <span class='ocrx_word' id='word_1_663' title='bbox 1676 4511 1775 4582; x_wconf 82' lang='grc' dir='ltr'>ίήτίον.</span> 
     </span>
     <span class='ocr_line' id='line_1_47' title="bbox 157 4576 1775 4656; baseline -0.007 -13"><span class='ocrx_word' id='word_1_664' title='bbox 157 4587 221 4643; x_wconf 93' lang='lat' dir='ltr'>dere</span> <span class='ocrx_word' id='word_1_665' title='bbox 234 4595 343 4656; x_wconf 83' lang='lat' dir='ltr'>praestat</span> <span class='ocrx_word' id='word_1_666' title='bbox 355 4602 408 4640; x_wconf 93' lang='lat' dir='ltr'>non</span> <span class='ocrx_word' id='word_1_667' title='bbox 430 4587 537 4648; x_wconf 78' lang='lat' dir='ltr'>auclore,</span> <span class='ocrx_word' id='word_1_668' title='bbox 554 4597 646 4638; x_wconf 76' lang='lat' dir='ltr'>errrore</span> <span class='ocrx_word' id='word_1_669' title='bbox 669 4581 783 4636; x_wconf 83' lang='lat' dir='ltr'>scilicet.</span> <span class='ocrx_word' id='word_1_670' title='bbox 801 4578 935 4634; x_wconf 88' lang='lat' dir='ltr'>lmmensa</span> <span class='ocrx_word' id='word_1_671' title='bbox 989 4581 1075 4645; x_wconf 77' lang='grc' dir='ltr'>Αὖθις</span> <span class='ocrx_word' id='word_1_672' title='bbox 1090 4576 1123 4636; x_wconf 80' lang='grc' dir='ltr'>αὖ</span> <span class='ocrx_word' id='word_1_673' title='bbox 1137 4580 1217 4652; x_wconf 82' lang='grc' dir='ltr'>δίψήν</span> <span class='ocrx_word' id='word_1_674' title='bbox 1232 4581 1336 4634; x_wconf 78' lang='grc' dir='ltr'>ἔπαυσε</span> <span class='ocrx_word' id='word_1_675' title='bbox 1353 4583 1451 4646; x_wconf 86' lang='grc' dir='ltr'>πδσις·</span> <span class='ocrx_word' id='word_1_676' title='bbox 1465 4581 1546 4636; x_wconf 79' lang='grc' dir='ltr'>πάλιν</span> <span class='ocrx_word' id='word_1_677' title='bbox 1562 4576 1596 4635; x_wconf 84' lang='grc' dir='ltr'>αθ</span> <span class='ocrx_word' id='word_1_678' title='bbox 1616 4580 1775 4650; x_wconf 81' lang='grc' dir='ltr'>πλησμονήν</span> 
     </span>
     <span class='ocr_line' id='line_1_48' title="bbox 156 4647 1775 4725; baseline -0.01 -12"><span class='ocrx_word' id='word_1_679' title='bbox 156 4657 349 4713; x_wconf 85' lang='lat' dir='ltr'>commentaria</span> <span class='ocrx_word' id='word_1_680' title='bbox 372 4655 547 4725; x_wconf 78' lang='lat' dir='ltr'>sequentibus</span> <span class='ocrx_word' id='word_1_681' title='bbox 571 4650 724 4722; x_wconf 73' lang='lat' dir='ltr'>digerendis</span> <span class='ocrx_word' id='word_1_682' title='bbox 742 4648 855 4717; x_wconf 83' lang='lat' dir='ltr'>lrnpiere</span> <span class='ocrx_word' id='word_1_683' title='bbox 875 4663 938 4720; x_wconf 87' lang='lat' dir='ltr'>pos-</span> <span class='ocrx_word' id='word_1_684' title='bbox 991 4654 1000 4707; x_wconf 92' lang='lat' dir='ltr'>i</span> <span class='ocrx_word' id='word_1_685' title='bbox 1020 4669 1064 4708; x_wconf 83' lang='grc' dir='ltr'>ται</span> <span class='ocrx_word' id='word_1_686' title='bbox 1080 4653 1206 4714; x_wconf 82' lang='grc' dir='ltr'>κένωσις,</span> <span class='ocrx_word' id='word_1_687' title='bbox 1221 4652 1336 4704; x_wconf 86' lang='grc' dir='ltr'>κένωσιν</span> <span class='ocrx_word' id='word_1_688' title='bbox 1351 4651 1380 4703; x_wconf 75' lang='grc' dir='ltr'>δε</span> <span class='ocrx_word' id='word_1_689' title='bbox 1399 4651 1552 4720; x_wconf 77' lang='grc' dir='ltr'>πλησμονή,</span> <span class='ocrx_word' id='word_1_690' title='bbox 1572 4649 1653 4702; x_wconf 83' lang='grc' dir='ltr'>τοίνυν</span> <span class='ocrx_word' id='word_1_691' title='bbox 1666 4647 1694 4698; x_wconf 76' lang='grc' dir='ltr'>δέ</span> <span class='ocrx_word' id='word_1_692' title='bbox 1708 4649 1775 4698; x_wconf 77' lang='grc' dir='ltr'>ἀπο-</span> 
     </span>
     <span class='ocr_line' id='line_1_49' title="bbox 103 4715 1775 4794; baseline -0.01 -10"><span class='ocrx_word' id='word_1_693' title='bbox 103 4734 113 4753; x_wconf 82' lang='grc'>·</span> <span class='ocrx_word' id='word_1_694' title='bbox 155 4729 203 4785; x_wconf 84' lang='lat' dir='ltr'>sis.</span> <span class='ocrx_word' id='word_1_695' title='bbox 220 4724 274 4781; x_wconf 83' lang='lat' dir='ltr'>Sed</span> <span class='ocrx_word' id='word_1_696' title='bbox 289 4740 338 4781; x_wconf 89' lang='lat' dir='ltr'>nos</span> <span class='ocrx_word' id='word_1_697' title='bbox 350 4724 473 4794; x_wconf 84' lang='lat' dir='ltr'>jamdum</span> <span class='ocrx_word' id='word_1_698' title='bbox 487 4723 582 4777; x_wconf 87' lang='lat' dir='ltr'>harum</span> <span class='ocrx_word' id='word_1_699' title='bbox 602 4730 726 4776; x_wconf 87' lang='lat' dir='ltr'>notarum</span> <span class='ocrx_word' id='word_1_700' title='bbox 745 4720 863 4788; x_wconf 87' lang='lat' dir='ltr'>spatium</span> <span class='ocrx_word' id='word_1_701' title='bbox 876 4717 936 4773; x_wconf 93' lang='lat' dir='ltr'>odi·</span> <span class='ocrx_word' id='word_1_702' title='bbox 989 4717 1317 4792; x_wconf 55' lang='lat' dir='ltr'>eminentissimum.</span> <span class='ocrx_word' id='word_1_703' title='bbox 1332 4715 1775 4786; x_wconf 74' lang='grc' dir='ltr'>Ἕνλδὲσυντδμῳλδγῳτάέναν·</span> 
     </span>
     <span class='ocr_line' id='line_1_50' title="bbox 154 4782 1774 4862; baseline -0.01 -9"><span class='ocrx_word' id='word_1_704' title='bbox 154 4811 215 4853; x_wconf 78' lang='grc' dir='ltr'>ιιιιισ</span> <span class='ocrx_word' id='word_1_705' title='bbox 239 4793 289 4851; x_wconf 78' lang='grc' dir='ltr'>ΒΑ.</span> <span class='ocrx_word' id='word_1_706' title='bbox 349 4802 358 4813; x_wconf 91' lang='grc'><em>’</em></span> <span class='ocrx_word' id='word_1_707' title='bbox 989 4788 1034 4845; x_wconf 81' lang='lat' dir='ltr'>clu</span> <span class='ocrx_word' id='word_1_708' title='bbox 1050 4787 1105 4840; x_wconf 86' lang='grc' dir='ltr'>τῶν</span> <span class='ocrx_word' id='word_1_709' title='bbox 1126 4787 1255 4839; x_wconf 77' lang='grc' dir='ltr'>ἐναντίοιν</span> <span class='ocrx_word' id='word_1_710' title='bbox 1276 4785 1351 4836; x_wconf 83' lang='grc' dir='ltr'>ἐστίν</span> <span class='ocrx_word' id='word_1_711' title='bbox 1376 4786 1497 4855; x_wconf 81' lang='grc' dir='ltr'>ἀήματα·</span> <span class='ocrx_word' id='word_1_712' title='bbox 1516 4782 1774 4862; x_wconf 27' lang='grc' dir='ltr'>ίητρικήῃγάρίστι</span> 
     </span>
    </p>

    <p class='ocr_par' dir='ltr' id='par_1_7' title="bbox 152 4838 1776 5566">
     <span class='ocr_line' id='line_1_51' title="bbox 201 4838 1739 4933; baseline -0.012 -13"><span class='ocrx_word' id='word_1_713' title='bbox 201 4838 312 4933; x_wconf 58' lang='grc'>61)(10.</span> <span class='ocrx_word' id='word_1_714' title='bbox 328 4863 358 4920; x_wconf 81' lang='grc' dir='ltr'>Ρ.</span> <span class='ocrx_word' id='word_1_715' title='bbox 377 4862 507 4932; x_wconf 75' lang='grc' dir='ltr'>ἀνεφάνη.</span> <span class='ocrx_word' id='word_1_716' title='bbox 990 4854 1138 4930; x_wconf 76' lang='grc' dir='ltr'>πρόσθεσις</span> <span class='ocrx_word' id='word_1_717' title='bbox 1150 4855 1197 4906; x_wconf 78' lang='grc' dir='ltr'>καί</span> <span class='ocrx_word' id='word_1_718' title='bbox 1207 4852 1362 4920; x_wconf 90' lang='grc' dir='ltr'>ἀφαίρεσις,</span> <span class='ocrx_word' id='word_1_719' title='bbox 1377 4852 1523 4933; x_wconf 78' lang='grc' dir='ltr'>ἀφαίρεσις</span> <span class='ocrx_word' id='word_1_720' title='bbox 1546 4852 1595 4923; x_wconf 80' lang='grc' dir='ltr'>μὲν</span> <span class='ocrx_word' id='word_1_721' title='bbox 1610 4866 1666 4905; x_wconf 87' lang='grc' dir='ltr'>των</span> <span class='ocrx_word' id='word_1_722' title='bbox 1687 4852 1739 4905; x_wconf 80' lang='lat' dir='ltr'>decc</span> 
     </span>
     <span class='ocr_line' id='line_1_52' title="bbox 201 4919 1717 5005; baseline -0.013 -13"><span class='ocrx_word' id='word_1_723' title='bbox 201 4935 246 5005; x_wconf 73' lang='grc'>65)</span> <span class='ocrx_word' id='word_1_724' title='bbox 263 4933 316 4990; x_wconf 79' lang='lat' dir='ltr'>CC.</span> <span class='ocrx_word' id='word_1_725' title='bbox 328 4936 359 4990; x_wconf 79' lang='lat' dir='ltr'>P.</span> <span class='ocrx_word' id='word_1_726' title='bbox 376 4948 429 4990; x_wconf 90' lang='lat' dir='ltr'>uon</span> <span class='ocrx_word' id='word_1_727' title='bbox 450 4933 549 4986; x_wconf 84' lang='lat' dir='ltr'>habent</span> <span class='ocrx_word' id='word_1_728' title='bbox 564 4928 620 4986; x_wconf 88' lang='grc' dir='ltr'>καί.</span> <span class='ocrx_word' id='word_1_729' title='bbox 991 4925 1153 4990; x_wconf 74' lang='grc' dir='ltr'>θαλλόντων,</span> <span class='ocrx_word' id='word_1_730' title='bbox 1167 4920 1315 5005; x_wconf 77' lang='grc' dir='ltr'>πρόσθεσις</span> <span class='ocrx_word' id='word_1_731' title='bbox 1327 4919 1356 4973; x_wconf 79' lang='grc' dir='ltr'>δέ</span> <span class='ocrx_word' id='word_1_732' title='bbox 1373 4937 1427 4974; x_wconf 85' lang='grc' dir='ltr'>των</span> <span class='ocrx_word' id='word_1_733' title='bbox 1443 4922 1631 4975; x_wconf 68' lang='grc' dir='ltr'>ἐλλειπόντων.</span> <span class='ocrx_word' id='word_1_734' title='bbox 1646 4920 1717 4975; x_wconf 89' lang='lat' dir='ltr'>ldem</span> 
     </span>
     <span class='ocr_line' id='line_1_53' title="bbox 201 4989 1775 5073; baseline -0.01 -12"><span class='ocrx_word' id='word_1_735' title='bbox 201 5006 247 5073; x_wconf 76' lang='lat' dir='ltr'>uli</span> <span class='ocrx_word' id='word_1_736' title='bbox 261 5004 316 5060; x_wconf 82' lang='lat' dir='ltr'>CC.</span> <span class='ocrx_word' id='word_1_737' title='bbox 334 5004 365 5059; x_wconf 85' lang='lat' dir='ltr'>P.</span> <span class='ocrx_word' id='word_1_738' title='bbox 377 5000 476 5058; x_wconf 78' lang='grc' dir='ltr'>ταυτὸν</span> <span class='ocrx_word' id='word_1_739' title='bbox 489 5002 582 5056; x_wconf 76' lang='grc' dir='ltr'>πᾶσιν.</span> <span class='ocrx_word' id='word_1_740' title='bbox 991 4995 1060 5052; x_wconf 86' lang='lat' dir='ltr'>locis</span> <span class='ocrx_word' id='word_1_741' title='bbox 1076 4995 1103 5047; x_wconf 89' lang='lat' dir='ltr'>in</span> <span class='ocrx_word' id='word_1_742' title='bbox 1120 4993 1249 5047; x_wconf 83' lang='grc' dir='ltr'>ίιοιιιιιισι</span> <span class='ocrx_word' id='word_1_743' title='bbox 1269 4989 1419 5061; x_wconf 83' lang='grc' dir='ltr'>Ἑκατίρου</span> <span class='ocrx_word' id='word_1_744' title='bbox 1441 4991 1500 5044; x_wconf 75' lang='lat' dir='ltr'>iuri</span> <span class='ocrx_word' id='word_1_745' title='bbox 1515 4989 1661 5062; x_wconf 85' lang='grc' dir='ltr'>φάρμακον</span> <span class='ocrx_word' id='word_1_746' title='bbox 1673 4989 1708 5073; x_wconf 67' lang='lat' dir='ltr'>ad</span> <span class='ocrx_word' id='word_1_747' title='bbox 1722 4990 1775 5045; x_wconf 87' lang='grc' dir='ltr'>θπ·</span> 
     </span>
     <span class='ocr_line' id='line_1_54' title="bbox 201 5056 1776 5146; baseline -0.01 -14"><span class='ocrx_word' id='word_1_748' title='bbox 201 5077 246 5146; x_wconf 71' lang='lat' dir='ltr'>ui,</span> <span class='ocrx_word' id='word_1_749' title='bbox 262 5073 447 5144; x_wconf 66' lang='lat' dir='ltr'>Hotrdragorte</span> <span class='ocrx_word' id='word_1_750' title='bbox 462 5071 502 5126; x_wconf 81' lang='lat' dir='ltr'>uls</span> <span class='ocrx_word' id='word_1_751' title='bbox 523 5072 601 5124; x_wconf 86' lang='lat' dir='ltr'>insita</span> <span class='ocrx_word' id='word_1_752' title='bbox 626 5065 796 5138; x_wconf 79' lang='lat' dir='ltr'>soporifera.</span> <span class='ocrx_word' id='word_1_753' title='bbox 813 5064 880 5120; x_wconf 80' lang='lat' dir='ltr'>adeo</span> <span class='ocrx_word' id='word_1_754' title='bbox 908 5072 938 5117; x_wconf 88' lang='lat' dir='ltr'>ut</span> <span class='ocrx_word' id='word_1_755' title='bbox 992 5056 1167 5119; x_wconf 78' lang='grc' dir='ltr'>εθαντίατιῖνν</span> <span class='ocrx_word' id='word_1_756' title='bbox 1187 5059 1363 5115; x_wconf 80' lang='grc' dir='ltr'>ὑπεναντίων.</span> <span class='ocrx_word' id='word_1_757' title='bbox 1380 5059 1473 5115; x_wconf 82' lang='lat' dir='ltr'>Galerii</span> <span class='ocrx_word' id='word_1_758' title='bbox 1488 5059 1544 5114; x_wconf 80' lang='lat' dir='ltr'>lor-a</span> <span class='ocrx_word' id='word_1_759' title='bbox 1560 5064 1665 5140; x_wconf 73' lang='lat' dir='ltr'>lqnqmu</span> <span class='ocrx_word' id='word_1_760' title='bbox 1680 5069 1714 5114; x_wconf 90' lang='lat' dir='ltr'>su</span> <span class='ocrx_word' id='word_1_761' title='bbox 1729 5076 1776 5117; x_wconf 84' lang='lat' dir='ltr'>no·</span> 
     </span>
     <span class='ocr_line' id='line_1_55' title="bbox 154 5127 1769 5219; baseline -0.014 -16"><span class='ocrx_word' id='word_1_762' title='bbox 154 5150 253 5219; x_wconf 76' lang='lat' dir='ltr'>qulbus</span> <span class='ocrx_word' id='word_1_763' title='bbox 269 5154 358 5214; x_wconf 86' lang='lat' dir='ltr'>partes</span> <span class='ocrx_word' id='word_1_764' title='bbox 370 5139 494 5213; x_wconf 85' lang='lat' dir='ltr'>corporis</span> <span class='ocrx_word' id='word_1_765' title='bbox 510 5142 685 5203; x_wconf 74' lang='lat' dir='ltr'>obsecundo,</span> <span class='ocrx_word' id='word_1_766' title='bbox 701 5137 842 5204; x_wconf 88' lang='lat' dir='ltr'>sopiantur</span> <span class='ocrx_word' id='word_1_767' title='bbox 858 5133 937 5201; x_wconf 79' lang='lat' dir='ltr'>liujus</span> <span class='ocrx_word' id='word_1_768' title='bbox 993 5136 1106 5188; x_wconf 67' lang='lat' dir='ltr'>ruinare.</span> <span class='ocrx_word' id='word_1_769' title='bbox 1123 5131 1217 5187; x_wconf 79' lang='lat' dir='ltr'>Aetius</span> <span class='ocrx_word' id='word_1_770' title='bbox 1227 5131 1274 5183; x_wconf 87' lang='lat' dir='ltr'>liu.</span> <span class='ocrx_word' id='word_1_771' title='bbox 1290 5144 1309 5195; x_wconf 91' lang='grc' dir='ltr'>ι,</span> <span class='ocrx_word' id='word_1_772' title='bbox 1325 5139 1345 5183; x_wconf 92' lang='grc' dir='ltr'>ι.</span> <span class='ocrx_word' id='word_1_773' title='bbox 1362 5128 1395 5212; x_wconf 77' lang='grc' dir='ltr'>ΙΙ,</span> <span class='ocrx_word' id='word_1_774' title='bbox 1406 5145 1431 5185; x_wconf 89' lang='lat' dir='ltr'>c.</span> <span class='ocrx_word' id='word_1_775' title='bbox 1445 5129 1500 5210; x_wconf 69' lang='grc' dir='ltr'>θές</span> <span class='ocrx_word' id='word_1_776' title='bbox 1515 5127 1662 5184; x_wconf 69' lang='lat' dir='ltr'>&amp;uirtutem</span> <span class='ocrx_word' id='word_1_777' title='bbox 1680 5143 1769 5199; x_wconf 76' lang='lat' dir='ltr'>eorpo-</span> 
     </span>
     <span class='ocr_line' id='line_1_56' title="bbox 155 5198 1775 5279; baseline -0.012 -6"><span class='ocrx_word' id='word_1_778' title='bbox 155 5232 246 5273; x_wconf 85' lang='lat' dir='ltr'>snceo.</span> <span class='ocrx_word' id='word_1_779' title='bbox 262 5213 434 5271; x_wconf 78' lang='lat' dir='ltr'>Dioscorides</span> <span class='ocrx_word' id='word_1_780' title='bbox 449 5210 495 5264; x_wconf 90' lang='lat' dir='ltr'>lib.</span> <span class='ocrx_word' id='word_1_781' title='bbox 516 5225 553 5275; x_wconf 84' lang='lat' dir='ltr'>ra,</span> <span class='ocrx_word' id='word_1_782' title='bbox 567 5225 592 5264; x_wconf 86' lang='lat' dir='ltr'>c.</span> <span class='ocrx_word' id='word_1_783' title='bbox 607 5209 651 5266; x_wconf 87' lang='grc'>76.</span> <span class='ocrx_word' id='word_1_784' title='bbox 666 5208 803 5263; x_wconf 80' lang='lat' dir='ltr'>Venenum</span> <span class='ocrx_word' id='word_1_785' title='bbox 817 5204 937 5271; x_wconf 77' lang='lat' dir='ltr'>eiusdem</span> <span class='ocrx_word' id='word_1_786' title='bbox 992 5202 1064 5258; x_wconf 73' lang='lat' dir='ltr'>ribus</span> <span class='ocrx_word' id='word_1_787' title='bbox 1090 5203 1252 5256; x_wconf 81' lang='grc' dir='ltr'>αιισιιιίιιιιιι</span> <span class='ocrx_word' id='word_1_788' title='bbox 1277 5207 1413 5255; x_wconf 78' lang='lat' dir='ltr'>contraria</span> <span class='ocrx_word' id='word_1_789' title='bbox 1437 5198 1599 5253; x_wconf 75' lang='lat' dir='ltr'>adiicientes.</span> <span class='ocrx_word' id='word_1_790' title='bbox 1635 5198 1775 5279; x_wconf 78' lang='lat' dir='ltr'>Quonnodo</span> 
     </span>
     <span class='ocr_line' id='line_1_57' title="bbox 154 5269 1775 5348; baseline -0.021 -4"><span class='ocrx_word' id='word_1_791' title='bbox 154 5287 228 5344; x_wconf 78' lang='lat' dir='ltr'>situel</span> <span class='ocrx_word' id='word_1_792' title='bbox 269 5283 385 5341; x_wconf 92' lang='lat' dir='ltr'>uomodo</span> <span class='ocrx_word' id='word_1_793' title='bbox 401 5289 510 5334; x_wconf 85' lang='lat' dir='ltr'>curetur</span> <span class='ocrx_word' id='word_1_794' title='bbox 524 5280 632 5333; x_wconf 75' lang='lat' dir='ltr'>mernini</span> <span class='ocrx_word' id='word_1_795' title='bbox 652 5279 742 5346; x_wconf 81' lang='lat' dir='ltr'>ingere</span> <span class='ocrx_word' id='word_1_796' title='bbox 765 5275 834 5342; x_wconf 88' lang='lat' dir='ltr'>apud</span> <span class='ocrx_word' id='word_1_797' title='bbox 851 5272 937 5324; x_wconf 88' lang='lat' dir='ltr'>rnedi-</span> <span class='ocrx_word' id='word_1_798' title='bbox 991 5273 1149 5341; x_wconf 83' lang='lat' dir='ltr'>capiendum</span> <span class='ocrx_word' id='word_1_799' title='bbox 1165 5272 1200 5325; x_wconf 89' lang='lat' dir='ltr'>sit</span> <span class='ocrx_word' id='word_1_800' title='bbox 1218 5271 1269 5324; x_wconf 80' lang='grc' dir='ltr'>λοι</span> <span class='ocrx_word' id='word_1_801' title='bbox 1290 5269 1399 5333; x_wconf 84' lang='lat' dir='ltr'>scitum,</span> <span class='ocrx_word' id='word_1_802' title='bbox 1422 5282 1517 5337; x_wconf 77' lang='lat' dir='ltr'>nornrpo</span> <span class='ocrx_word' id='word_1_803' title='bbox 1539 5275 1682 5348; x_wconf 62' lang='lat' dir='ltr'>contemno</span> <span class='ocrx_word' id='word_1_804' title='bbox 1707 5281 1775 5322; x_wconf 81' lang='lat' dir='ltr'>oon·</span> 
     </span>
     <span class='ocr_line' id='line_1_58' title="bbox 152 5305 1775 5423; baseline -0.015 -8"><span class='ocrx_word' id='word_1_805' title='bbox 152 5374 200 5414; x_wconf 87' lang='lat' dir='ltr'>cns</span> <span class='ocrx_word' id='word_1_806' title='bbox 214 5305 326 5411; x_wconf 61' lang='lat' dir='ltr'>Fadium</span> <span class='ocrx_word' id='word_1_807' title='bbox 340 5349 442 5423; x_wconf 75' lang='lat' dir='ltr'>(AEgiu.</span> <span class='ocrx_word' id='word_1_808' title='bbox 454 5363 480 5409; x_wconf 84' lang='grc' dir='ltr'>ι,</span> <span class='ocrx_word' id='word_1_809' title='bbox 496 5363 521 5405; x_wconf 90' lang='lat' dir='ltr'>c.</span> <span class='ocrx_word' id='word_1_810' title='bbox 531 5349 586 5417; x_wconf 81' lang='grc' dir='ltr'>ίί),</span> <span class='ocrx_word' id='word_1_811' title='bbox 601 5349 780 5411; x_wconf 77' lang='lat' dir='ltr'>Valerianum,</span> <span class='ocrx_word' id='word_1_812' title='bbox 791 5351 818 5397; x_wconf 91' lang='lat' dir='ltr'>et</span> <span class='ocrx_word' id='word_1_813' title='bbox 828 5341 936 5396; x_wconf 79' lang='lat' dir='ltr'>Aetium</span> <span class='ocrx_word' id='word_1_814' title='bbox 990 5343 1073 5397; x_wconf 86' lang='lat' dir='ltr'>traria</span> <span class='ocrx_word' id='word_1_815' title='bbox 1087 5341 1188 5405; x_wconf 85' lang='lat' dir='ltr'>curari,</span> <span class='ocrx_word' id='word_1_816' title='bbox 1205 5349 1332 5407; x_wconf 90' lang='lat' dir='ltr'>tanquam</span> <span class='ocrx_word' id='word_1_817' title='bbox 1352 5342 1386 5393; x_wconf 87' lang='lat' dir='ltr'>ad</span> <span class='ocrx_word' id='word_1_818' title='bbox 1400 5337 1552 5419; x_wconf 76' lang='lat' dir='ltr'>subjectum</span> <span class='ocrx_word' id='word_1_819' title='bbox 1565 5337 1615 5416; x_wconf 88' lang='lat' dir='ltr'>silu</span> <span class='ocrx_word' id='word_1_820' title='bbox 1632 5336 1697 5422; x_wconf 79' lang='lat' dir='ltr'>ipsis</span> <span class='ocrx_word' id='word_1_821' title='bbox 1713 5351 1775 5391; x_wconf 88' lang='lat' dir='ltr'>cor·</span> 
     </span>
     <span class='ocr_line' id='line_1_59' title="bbox 152 5406 1775 5500; baseline -0.014 -19"><span class='ocrx_word' id='word_1_822' title='bbox 152 5428 189 5500; x_wconf 82' lang='grc' dir='ltr'>(Τ</span> <span class='ocrx_word' id='word_1_823' title='bbox 215 5425 247 5480; x_wconf 76' lang='lat' dir='ltr'>lv</span> <span class='ocrx_word' id='word_1_824' title='bbox 276 5425 296 5480; x_wconf 84' lang='lat' dir='ltr'>S</span> <span class='ocrx_word' id='word_1_825' title='bbox 321 5439 328 5475; x_wconf 94' lang='grc' dir='ltr'>ι</span> <span class='ocrx_word' id='word_1_826' title='bbox 356 5419 448 5484; x_wconf 72' lang='grc' dir='ltr'>αλδ.)</span> <span class='ocrx_word' id='word_1_827' title='bbox 463 5416 513 5473; x_wconf 85' lang='lat' dir='ltr'>Ba.</span> <span class='ocrx_word' id='word_1_828' title='bbox 990 5426 1039 5480; x_wconf 83' lang='lat' dir='ltr'>pus</span> <span class='ocrx_word' id='word_1_829' title='bbox 1062 5410 1147 5464; x_wconf 79' lang='lat' dir='ltr'>relata</span> <span class='ocrx_word' id='word_1_830' title='bbox 1165 5411 1243 5464; x_wconf 88' lang='lat' dir='ltr'>doeet</span> <span class='ocrx_word' id='word_1_831' title='bbox 1267 5406 1422 5476; x_wconf 81' lang='lat' dir='ltr'>Stephanus</span> <span class='ocrx_word' id='word_1_832' title='bbox 1439 5408 1614 5462; x_wconf 76' lang='lat' dir='ltr'>Atheniensis</span> <span class='ocrx_word' id='word_1_833' title='bbox 1629 5406 1775 5460; x_wconf 65' lang='lat' dir='ltr'>domuncu-</span> 
     </span>
     <span class='ocr_line' id='line_1_60' title="bbox 189 5460 1773 5566; baseline -0.007 -22"><span class='ocrx_word' id='word_1_834' title='bbox 189 5465 318 5566; x_wconf 67' lang='grc' dir='ltr'>(σρχέίὶ.</span> <span class='ocrx_word' id='word_1_835' title='bbox 332 5460 366 5544; x_wconf 76' lang='grc' dir='ltr'>Ῥ.</span> <span class='ocrx_word' id='word_1_836' title='bbox 381 5484 510 5558; x_wconf 85' lang='grc' dir='ltr'>κοιμίζει.</span> <span class='ocrx_word' id='word_1_837' title='bbox 990 5483 1058 5535; x_wconf 69' lang='lat' dir='ltr'>terrio</span> <span class='ocrx_word' id='word_1_838' title='bbox 1077 5481 1103 5533; x_wconf 89' lang='lat' dir='ltr'>in</span> <span class='ocrx_word' id='word_1_839' title='bbox 1126 5483 1241 5548; x_wconf 84' lang='lat' dir='ltr'>primurn</span> <span class='ocrx_word' id='word_1_840' title='bbox 1258 5475 1427 5549; x_wconf 78' lang='lat' dir='ltr'>Therapeut.</span> <span class='ocrx_word' id='word_1_841' title='bbox 1445 5474 1543 5547; x_wconf 80' lang='lat' dir='ltr'>Galeui</span> <span class='ocrx_word' id='word_1_842' title='bbox 1555 5490 1580 5532; x_wconf 78' lang='lat' dir='ltr'>c.</span> <span class='ocrx_word' id='word_1_843' title='bbox 1603 5474 1656 5532; x_wconf 89' lang='grc' dir='ltr'>ίθθ</span> <span class='ocrx_word' id='word_1_844' title='bbox 1669 5475 1707 5547; x_wconf 81' lang='grc' dir='ltr'>(ο.</span> <span class='ocrx_word' id='word_1_845' title='bbox 1726 5473 1773 5541; x_wconf 68' lang='lat' dir='ltr'>li.</span> 
     </span>
    </p>
   </div>
   <div class='ocr_carea' id='block_1_6' title="bbox 142 5547 1300 5706">
    <p class='ocr_par' dir='ltr' id='par_1_8' title="bbox 142 5547 1300 5706">
     <span class='ocr_line' id='line_1_61' title="bbox 193 5547 1238 5640; baseline -0.017 -24"><span class='ocrx_word' id='word_1_846' title='bbox 193 5569 248 5640; x_wconf 79' lang='grc'><strong>(67)</strong></span> <span class='ocrx_word' id='word_1_847' title='bbox 265 5563 303 5617; x_wconf 78' lang='grc' dir='ltr'>Τὰ</span> <span class='ocrx_word' id='word_1_848' title='bbox 315 5549 937 5630; x_wconf 71' lang='grc' dir='ltr'>ἐναντίωτὼνἐναντίων.ίίῑρροοιιισιίὶίρτυ</span> <span class='ocrx_word' id='word_1_849' title='bbox 990 5564 1017 5618; x_wconf 94' lang='lat' dir='ltr'>p.</span> <span class='ocrx_word' id='word_1_850' title='bbox 1028 5550 1083 5604; x_wconf 82' lang='grc'>79.</span> <span class='ocrx_word' id='word_1_851' title='bbox 1100 5547 1148 5601; x_wconf 83' lang='lat' dir='ltr'>Ba.</span> <span class='ocrx_word' id='word_1_852' title='bbox 1232 5615 1238 5630; x_wconf 32' lang='grc' dir='ltr'>ι</span> 
     </span>
     <span class='ocr_line' id='line_1_62' title="bbox 142 5614 1300 5706; baseline -0.016 -18"><span class='ocrx_word' id='word_1_853' title='bbox 142 5640 194 5692; x_wconf 69' lang='lat' dir='ltr'>lie</span> <span class='ocrx_word' id='word_1_854' title='bbox 207 5636 317 5706; x_wconf 76' lang='grc' dir='ltr'>ρίιιιίθυι</span> <span class='ocrx_word' id='word_1_855' title='bbox 329 5648 338 5685; x_wconf 88' lang='grc'>.·</span> <span class='ocrx_word' id='word_1_856' title='bbox 351 5630 386 5682; x_wconf 77' lang='grc'>’0</span> <span class='ocrx_word' id='word_1_857' title='bbox 400 5645 427 5680; x_wconf 91' lang='grc' dir='ltr'>τι</span> <span class='ocrx_word' id='word_1_858' title='bbox 438 5628 492 5695; x_wconf 79' lang='grc' dir='ltr'>γὰρ</span> <span class='ocrx_word' id='word_1_859' title='bbox 501 5627 534 5682; x_wconf 83' lang='grc' dir='ltr'>ἀν</span> <span class='ocrx_word' id='word_1_860' title='bbox 544 5628 630 5698; x_wconf 79' lang='grc' dir='ltr'>λδπέή</span> <span class='ocrx_word' id='word_1_861' title='bbox 642 5627 687 5678; x_wconf 87' lang='grc' dir='ltr'>τδν</span> <span class='ocrx_word' id='word_1_862' title='bbox 696 5625 847 5695; x_wconf 87' lang='grc' dir='ltr'>ἀνθρωπαν,</span> <span class='ocrx_word' id='word_1_863' title='bbox 859 5632 937 5700; x_wconf 73' lang='grc' dir='ltr'>τουτο</span> <span class='ocrx_word' id='word_1_864' title='bbox 1025 5621 1034 5689; x_wconf 91' lang='grc'><strong>(</strong></span> <span class='ocrx_word' id='word_1_865' title='bbox 1071 5620 1081 5690; x_wconf 91' lang='grc'><strong>)</strong></span> <span class='ocrx_word' id='word_1_866' title='bbox 1097 5616 1150 5676; x_wconf 83' lang='lat' dir='ltr'>CC.</span> <span class='ocrx_word' id='word_1_867' title='bbox 1167 5614 1200 5672; x_wconf 83' lang='lat' dir='ltr'>P.</span> <span class='ocrx_word' id='word_1_868' title='bbox 1213 5614 1300 5671; x_wconf 80' lang='grc' dir='ltr'>συθέν.</span> 
     </span>
    </p>
   </div>
   <div class='ocr_carea' id='block_1_7' title="bbox 135 5692 936 5775">
    <p class='ocr_par' dir='ltr' id='par_1_9' title="bbox 135 5692 936 5775">
     <span class='ocr_line' id='line_1_63' title="bbox 135 5692 936 5775; baseline -0.034 -10"><span class='ocrx_word' id='word_1_869' title='bbox 135 5713 139 5721; x_wconf 90' lang='grc'><strong>“</strong></span> <span class='ocrx_word' id='word_1_870' title='bbox 155 5707 283 5775; x_wconf 67' lang='grc' dir='ltr'>καθίεται</span> <span class='ocrx_word' id='word_1_871' title='bbox 297 5699 400 5764; x_wconf 83' lang='grc' dir='ltr'>νοῦσος.</span> <span class='ocrx_word' id='word_1_872' title='bbox 414 5699 447 5754; x_wconf 88' lang='grc' dir='ltr'>Τί</span> <span class='ocrx_word' id='word_1_873' title='bbox 459 5696 506 5754; x_wconf 83' lang='grc' dir='ltr'>οὖν</span> <span class='ocrx_word' id='word_1_874' title='bbox 522 5697 601 5752; x_wconf 79' lang='grc' dir='ltr'>λιιιοῦ</span> <span class='ocrx_word' id='word_1_875' title='bbox 617 5697 777 5768; x_wconf 68' lang='grc' dir='ltr'>φάρμακονς</span> <span class='ocrx_word' id='word_1_876' title='bbox 793 5692 834 5745; x_wconf 76' lang='lat' dir='ltr'>int</span> <span class='ocrx_word' id='word_1_877' title='bbox 855 5703 936 5745; x_wconf 83' lang='grc' dir='ltr'>πσυει</span> 
     </span>
    </p>
   </div>
   <div class='ocr_carea' id='block_1_8' title="bbox 0 0 1914 6075">
    <p class='ocr_par' dir='ltr' id='par_1_10' title="bbox 0 0 1914 6075">
     <span class='ocr_line' id='line_1_64' title="bbox 0 0 1914 6075; baseline 0 0"><span class='ocrx_word' id='word_1_878' title='bbox 0 0 1914 6075; x_wconf 95' lang='lat' dir='ltr'> </span> 
     </span>
    </p>
   </div>
  </div>
 </body>
</html>
