3817 6075
152 238 216 320 ‚aas
781 242 942 303 tonnnrs
959 241 1159 334 manantur
1738 239 1789 303 rso

162 351 231 419 ints,
257 350 316 408 sire
343 366 357 406 a
378 351 544 407 damonibus
571 349 703 407 invectam
720 361 878 409 constanter
894 354 951 409 sui·
965 360 989 419 Α
1003 370 1064 411 curn
1084 353 1171 408 serris
1196 350 1307 423 Christi.
1322 350 1380 408 lloc
1394 350 1503 409 dicente
1517 352 1608 409 anima
1635 367 1701 408 com
1723 352 1790 407 bdu-

135 511 138 518 .
167 445 253 501 ierre.
270 445 455 501 Etsclendnm
477 443 845 515 planealllictioncmdelreri
862 447 949 513 nobis,
1003 446 1056 511 cia,
1074 455 1147 513 terga
1172 442 1298 512 deinceps
1323 441 1370 496 dat
1390 440 1525 511 diabolus,
1553 442 1787 508 clamans,etla·

167 553 217 593 nec
237 536 320 594 alium
351 552 534 608 quemquam,
560 546 658 605 prester
693 552 742 593 uos
768 538 841 609 ipsos
868 556 950 594 accu-
1002 547 1137 599 ntentans,
1151 536 1222 605 quoti
1239 534 1342 588 nomini
1357 532 1457 589 Christi
1483 534 1632 603 praevalere
1662 549 1718 589 aon
1741 549 1788 604 po-

133 626 136 632 ’
161 628 264 685 sontior
277 639 414 699 perpetuo.
429 626 496 681 Nam
517 626 563 697 qni
588 627 614 680 in
646 628 868 685 tribulationibus
895 632 952 685 suis
1004 626 1095 682 tuerit.
1112 623 1142 677 Et
1157 625 1245 678 anima
1261 623 1373 678 inimico
1387 624 1511 691 superior
1525 623 1634 688 eliecta,
1647 624 1789 693 ipsamco-

164 719 248 773 ·alinm
261 728 380 786 accusat,
401 735 416 775 a
442 727 518 776 retto
535 718 639 794 judicio
657 719 715 789 elus
733 721 805 792 quod
827 723 952 777 convenit
1003 717 1130 783 laplviznt,
1147 715 1218 771 sicut
1232 716 1277 784 qui
1297 713 1476 785 ὀξυπτέρυξι
1494 712 1575 769 celeri
1603 712 1698 769 relatu
1723 713 1790 768 dici·

166 810 312 867 aberravit.
1003 818 1056 871 tur,
1072 822 1194 862 corvum.
1208 805 1304 862 Postea
1320 821 1368 874 per
1385 806 1491 862 divinos
1516 805 1630 875 angelos
1654 805 1683 860 in
1704 806 1789 861 lucum

126 935 145 982 i·
202 900 262 957 XX.
280 899 953 972 Nonnunquama‹lenti-nsedenimormnrbnmo
1003 895 1054 949 sibi
1066 894 1216 958 delinitum,
1231 892 1308 964 juxta
1322 904 1422 948 statum
1447 902 1475 949 et
1503 894 1690 949 conditionem
1714 909 1790 948 suam

166 992 291 1062 ‹prtamvis
306 992 412 1048 virtutis
434 1003 563 1058 sectator,
583 993 768 1065 multiplicatis
793 995 951 1051 tentationi·
1002 986 1364 1055 1181111181111111101111111.

167 1084 220 1138 bns
234 1082 328 1139 ordine
342 1100 392 1137 suo
407 1084 671 1155 deiectusvidolieet,
683 1085 756 1156 qnia,
771 1094 800 1140 ut
811 1085 951 1153 Scriptura
1040 1075 1136 1133 XMV·
1149 1078 1236 1133 13111111
1260 1093 1349 1148 91118
1376 1078 1516 1159 1811111ἰ9111
1546 1078 1725 1149 indulgentie,
1739 1080 1790 1133 1111·

169 1173 288 1244 loqnitnr
311 1194 318 1230 ι
348 1174 440 1231 Ourania
467 1177 523 1247 einr
548 1178 678 1247 rapientia
703 1186 728 1232 et
759 1194 803 1232 urs
828 1175 953 1231 devorato
1004 1172 1110 1242 peditur
1132 1171 1158 1225 in
1179 1185 1324 1240 progressu
1352 1171 1460 1225 virtutis
1483 1170 1609 1241 cupidus.
1625 1170 1721 1226 fiuent
1743 1171 1790 1225 tibi

168 1276 206 1321 eat
224 1266 264 1321 ¹⁸:
279 1281 313 1321 ne
326 1268 492 1323 ronttdmtes
503 1270 587 1323 sonus
607 1270 634 1323 in
646 1268 859 1337 nobismetipsis,
878 1279 905 1324 et
920 1283 954 1323 ne
1004 1261 1084 1317 sociat
1098 1261 1225 1318 echeneis
1238 1262 1359 1318 tantillus
1371 1262 1527 1331 pisciculus,
1542 1262 1588 1333 nui
1603 1264 1791 1334 pregrandem

170 1357 298 1425 glorietur
323 1357 404 1413 israel
435 1359 537 1425 dicens,
561 1359 655 1415 llanus
681 1360 874 1415 measervarit
898 1374 952 1415 me.
1003 1352 1155 1407 onerariam
1168 1353 1225 1407 solo
1239 1360 1341 1409 attactu
1353 1352 1435 1422 sistit,
1452 1352 1565 1423 ejusque
1582 1367 1697 1408 cursum
1709 1352 1788 1408 colti-

170 1449 366 1505 Verumtamen
383 1465 416 1505 nc
427 1450 528 1505 idcirco
544 1451 672 1515 turberis,
689 1448 765 1518 ntrasi
790 1449 850 1503 novi
877 1449 954 1519 quip·
1004 1444 1049 1498 bet
1063 1443 1180 1513 penitus.
1201 1444 1233 1498 Et
1245 1444 1320 1500 rides
1347 1460 1405 1500 rem
1435 1443 1582 1499 maximam
1611 1444 1789 1514 praepediris

171 1541 241 1609 piam
267 1541 371 1594 accidat
386 1559 393 1595 z
411 1541 456 1595 scd
479 1552 504 1595 te
516 1540 541 1593 ln
562 1540 678 1609 priorum
700 1541 775 1595 illum
802 1540 953 1610 pulcberri·
1004 1535 1126 1599 minima,
1136 1544 1164 1589 et
1174 1535 1319 1590 meministi
1334 1536 1461 1603 dicentis,
1477 1527 1534 1605 Ego
1545 1532 1649 1590 Pasira
1662 1536 1791 1607 (quantus

170 1640 298 1700 ratumque
312 1639 411 1685 statum
429 1630 580 1686 restitutum
597 1630 629 1685 iri
645 1646 734 1701 spera,
755 1631 895 1686 deficiente
927 1639 954 1684 et
1005 1625 1317 1696 virllsemeiettterrrr
1333 1626 1505 1681 arluinenire
1525 1626 1561 1681 ad
1584 1642 1653 1694 rer:
1672 1627 1719 1681 red
1743 1628 1792 1683 i·-

169 1721 247 1789 pulso
259 1724 308 1777 ebs
318 1719 443 1777 tetiivinu
454 1721 530 1793 jussu
543 1722 671 1793 tvvaligno,
685 1723 730 1793 qui
742 1722 776 1778 ad
795 1724 884 1776 omnia
901 1737 952 1775 uon
970 1737 990 1791 g
1004 1715 1101 1781 pedivit
1116 1730 1161 1767 uos
1173 1712 1287 1768 Saturna
1304 1716 1337 1768 ”.
1350 1714 1483 1773 Ceterum
1500 1730 1535 1771 ne
1555 1716 1660 1771 idcirco
1683 1727 1789 1787 pertur-

169 1810 230 1867 sine
245 1810 384 1868 affectibus
394 1811 521 1869 intuenda
546 1821 572 1867 et
593 1812 725 1868 audienda
741 1825 790 1867 nos
805 1811 910 1873 incitat,
926 1819 953 1863 et
1005 1804 1095 1861 lteris:
1112 1807 1159 1861 sed
1169 1806 1304 1862 contende
1320 1807 1406 1878 magis
1424 1822 1473 1879 per
1484 1807 1657 1877 patientiam,
1682 1818 1712 1863 et
1726 1823 1791 1875 gra·

169 1902 204 1956 ad
216 1913 324 1972 peecata
338 1903 528 1959 cornmitteada
540 1903 678 1959 sollicitat.
691 1902 759 1957 llum
775 1911 866 1957 autern
879 1916 955 1956 men·
1005 1897 1068 1950 tiam
1088 1897 1272 1967 consequeris.

122 2001 126 2008 '
171 2002 224 2048 tem
238 1992 415 2061 hebetaverit,
431 1994 499 2048 utin
517 1993 604 2048 hebeti
620 2002 646 2047 et
659 2007 763 2060 crassa,
778 1991 843 2046 lacit
859 2002 886 2047 et
908 2006 954 2046 ca·
1040 1985 1122 2043 xxv.
1136 1988 1183 2043 Cui
1209 1990 1277 2045 bene
1296 2003 1328 2044 ac
1353 1991 1431 2044 beate
1456 1998 1498 2043 est
1513 2003 1575 2044 oum
1590 1988 1753 2055 virtutibus,
1768 1990 1790 2046 si

172 2081 292 2137 vurtculau
307 2081 491 2139 incredibilem
506 2082 680 2153 gravitatem,
694 2090 775 2151 atque
784 2080 881 2136 molem
896 2095 955 2135 sen·
1004 2096 1053 2152 per
1071 2063 1225 2138 socordiam
1242 2082 1277 2138 ab
1300 2079 1389 2136 offitio
1412 2079 1560 2149 deflexerit,
1590 2080 1744 2136 ”cuidem
1757 2079 1789 2135 ad

173 2174 233 2238 tire,
254 2181 283 2227 et
301 2172 409 2228 insitam
433 2174 564 2227 rationem
590 2171 761 2241 simplicem,
789 2171 954 2241 minimeque
1004 2191 1064 2230 eum
1081 2175 1127 2228 lilii
1140 2188 1257 2242 tteqnam
1272 2173 1443 2228 orientalium
1460 2172 1494 2225 ab
1508 2171 1630 2237 Amalec,
1645 2180 1676 2227 et
1698 2173 1792 2240 praeci·

172 2264 262 2317 tictam
278 2265 311 2317 ad
322 2262 524 2318 sitttilitudinetn
538 2261 616 2316 niodo
628 2262 781 2332 gertitornm
796 2261 952 2327 infantium,
1004 2279 1056 2335 pne
1070 2264 1213 2327 ablanian,
1226 2264 1267 2319 vis
1279 2264 1380 2319 amoris
1406 2263 1564 2328 meretricii,
1589 2277 1655 2318 cum
1681 2263 1793 2319 mulmis

172 2352 258 2408 reddit
278 2352 391 2417 variam,
406 2362 433 2407 et
449 2352 526 2406 valde
540 2364 692 2420 expertam,
709 2352 754 2406 ubi
786 2366 847 2407 eam
864 2351 953 2406 onvtti·
1005 2357 1142 2428 ipsorum
1157 2370 1252 2425 nempe
1266 2370 1327 2410 cum
1351 2354 1593 2426 imaginationibus
1615 2357 1790 2420 mrboteotir.

170 2444 248 2515 genis
273 2445 392 2515 peccatis
416 2446 602 2510 venenaret-it,
615 2454 698 2515 etper
720 2444 855 2500 lenocinia
877 2458 954 2500 ever·
1004 2446 1163 2514 qtribusnon
1178 2453 1220 2499 est
1233 2458 1373 2509 numeros,
1386 2454 1413 2498 et
1430 2444 1588 2513 disperdent
1601 2459 1703 2502 omnes
1714 2456 1789 2501 terrae

170 2537 244 2591 terit.
1004 2536 1120 2600 [ructus.
1135 2537 1161 2590 itl
1175 2545 1227 2601 est,
1241 2537 1349 2606 optimas
1371 2537 1486 2593 actionis
1508 2545 1535 2592 et
1561 2538 1685 2595 babitus.
1720 2540 1789 2594 Tum

205 2628 278 2684 xlii.
312 2628 366 2685 iles
396 2643 513 2697 magna,
548 2628 627 2683 ltotno
659 2642 785 2683 crescens
815 2628 905 2691 intus,
927 2634 955 2682 et
1004 2643 1085 2699 porro
1096 2638 1156 2697 eget
1171 2628 1263 2696 lsrael,
1277 2638 1304 2683 et
1320 2628 1418 2699 pusillo
1438 2639 1480 2685 est
1506 2631 1610 2697 animo,
1626 2632 1791 2702 cogiturque

170 2722 317 2777 virtutibus
333 2721 544 2791 magnitudinem
567 2729 740 2775 consecutos.
761 2717 953 2773 Verumtamen
1005 2718 1122 2774 clantare
1139 2720 1172 2773 ad
1187 2716 1341 2783 bonrinum,
1358 2728 1386 2774 et
1404 2719 1440 2774 ita
1455 2720 1525 2775 coelo
1543 2720 1700 2775 demittitur
1718 2722 1784 2775 born

170 2813 216 2870 lale
240 2827 352 2881 magnus
380 2823 517 2881 peccatum
537 2812 629 2875 timet,
647 2821 674 2864 ut
701 2825 803 2863 mntem
830 2809 956 2880 elepltan·
1006 2811 1141 2882 cogitatio.
1164 2809 1273 2868 Gedeon
1296 2811 1378 2866 multa
1410 2826 1473 2867 cum
1503 2812 1555 2867 ide
1578 2822 1608 2867 et
1638 2812 1791 2867 bumilitate

172 2916 226 2971 tus,
240 2919 271 2957 ne
292 2902 359 2971 [orte
376 2917 435 2956 cum
459 2899 519 2956 eliis
532 2900 728 2967 prtrdicoeerit,
752 2899 806 2967 ipre
832 2899 954 2968 reprobata
1006 2901 1123 2956 imitans.
1139 2899 1338 2956 Fonvilineuim
1361 2918 1418 2956 meo
1441 2902 1549 2971 infirma
1573 2912 1612 2956 ert
1636 2902 1665 2957 in
1687 2901 1792 2956 Nonus·

171 2994 297 3066 efficiatur
310 2994 341 3048 ¹⁹.
1006 3008 1034 3048 re
1048 2992 1082 3061 ¹¹,
1099 2992 1197 3064 inquit,
1214 3002 1242 3048 ut
1263 2992 1290 3049 ln
1317 2993 1449 3051 trecentis
1476 2993 1632 3050 bonvloibus
1657 2992 1792 3050 imbecilli·

206 3084 288 3144 nil.
302 3082 360 3141 Non
372 3082 459 3140 solutu
472 3083 629 3138 imminente
641 3075 989 3138 consummationemnn·c
1007 3089 1056 3141 bus
1067 3086 1153 3140 aciem
1164 3094 1263 3161 ¹corvum
1281 3094 1369 3141 tantos
1394 3096 1516 3142 catervas
1531 3085 1680 3152 instruam,
1698 3096 1726 3140 et
1747 3085 1791 3139 al·

172 3176 330 3234 didiaboios
341 3189 481 3234 sermones
506 3183 599 3230 contra
616 3173 782 3229 ditissimum
808 3173 953 3243 loquetur;
1005 3177 1138 3233 mirabilia
1169 3189 1269 3248 tropaea
1297 3178 1365 3234 citra
1398 3177 1528 3232 auxilium
1564 3178 1660 3247 gratiae
1692 3178 1791 3236 consti·

172 3270 219 3322 sed
237 3266 404 3324 etiamnunc
420 3265 554 3320 interdum
570 3278 666 3334 graves
683 3261 877 3332 cogitationum
905 3277 954 3316 oo·
1006 3275 1089 3322 tuam.

172 3373 290 3417 strnrum
311 3360 338 3414 io
352 3358 441 3430 ipsunt
457 3361 554 3415 coelum
571 3355 753 3427 blasphemias
770 3354 879 3419 emittit,
890 3369 955 3409 cun·
1040 3356 1135 3414 ltxi't.
1148 3356 1206 3415 Non
1224 3360 1325 3429 poteris
1351 3376 1430 3431 super
1450 3361 1568 3432 aspidem
1592 3371 1617 3417 et
1640 3361 1789 3416 insitiuum

162 3449 467 3521 inconsultissimum,
498 3458 526 3504 et
556 3455 693 3503 creaturas
717 3443 786 3516 ejus,
805 3454 834 3501 et
863 3454 955 3501 sancta
1006 3451 1144 3507 artbuiore
1158 3453 1192 3519 ¹¹,
1206 3462 1233 3508 et
1245 3468 1304 3522 quae
1319 3464 1481 3523 sequuntur,
1495 3453 1648 3509 nisialleo
1665 3469 1715 3524 per
1726 3454 1788 3508 ntul-

171 3541 273 3598 Cltristi
287 3541 413 3612 mysteria
434 3537 609 3594 contumelias
624 3537 700 3608 jacit.
713 3534 811 3593 Verum
828 3552 877 3594 nos
888 3552 954 3593 con·
1006 3551 1048 3596 tas
1073 3551 1100 3595 et
1114 3542 1248 3611 supplices
1261 3557 1356 3611 preces
1368 3544 1478 3611 angelos
1496 3544 1666 3611 intuebaris,
1678 3545 1724 3613 qni
1738 3560 1789 3597 nta-

171 3648 264 3689 scema
276 3641 351 3700 petra
365 3629 537 3700 cogitationis
555 3643 636 3700 super
653 3628 711 3695 bis,
735 3643 770 3684 ne
783 3629 956 3699 obstupesca·
1006 3630 1084 3687 nibus
1100 3643 1125 3687 te
1138 3632 1275 3696 attollant,
1291 3641 1319 3688 et
1339 3643 1428 3689 mente
1450 3634 1505 3689 luto
1523 3635 1652 3689 immersa
1676 3635 1790 3706 superio-

171 3737 244 3787 mus,
263 3736 313 3778 nec
331 3722 476 3791 perniciosi
508 3720 580 3776 illius
612 3719 751 3776 audaciam
775 3720 954 3776 adtuiremur.
1006 3737 1062 3778 rem
1079 3722 1211 3780 'elliciant

171 3813 238 3870 Fide
255 3823 344 3868 autem
367 3821 395 3868 et
409 3826 455 3884 spe
478 3810 641 3868 ierventiore
661 3811 793 3893 adhiblta,
807 3822 835 3868 et
858 3825 953 3882 super·
1037 3813 1144 3870 xxttt.
1157 3815 1223 3871 Cum
1241 3817 1302 3882 noir
1312 3827 1423 3872 strenue
1439 3818 1581 3874 decertans
1591 3818 1684 3875 victus
1696 3821 1782 3884 inerit,

171 3920 235 3961 nuru
247 3903 376 3960 auxilium
388 3903 537 3969 consecuti,
551 3905 654 3959 bostem
670 3901 897 3974 propulsabimus.
1006 3921 1175 3978 nequaquam
1191 3907 1280 3963 animo
1298 3909 1441 3976 concidat;
1460 3908 1507 3963 sed
1522 3920 1633 3966 erectus
1645 3909 1728 3968 isaiae
1738 3927 1783 3967 ver·

207 3993 382 4052 mineum
400 3995 613 4066 exprobratione
635 4005 663 4051 et
690 3995 801 4051 audacia
825 3995 952 4052 inimicus
1005 3998 1046 4054 bis
1061 3998 1176 4065 laetetur,
1191 3998 1253 4054 talia
1272 3999 1433 4055 succinens:
1449 3999 1659 4066 confortamini,
1678 4001 1784 4074 ivuprvbi

171 4088 198 4144 in
212 4088 328 4143 artimnm
346 4102 362 4143 e
379 4103 493 4159 corpore
512 4089 695 4161 egredientem
715 4087 827 4154 involat,
842 4099 871 4145 et
893 4103 955 4159 pru·
1005 4088 1152 4153 dationes,
1167 4097 1195 4145 et
1209 4089 1360 4144 vincimini.
1378 4089 1407 4143 Si
1418 4090 1491 4142 enim
1522 4104 1631 4144 rursum
1657 4093 1790 4148 contorta·

171 4190 231 4248 pter
245 4180 361 4235 admissa
378 4181 475 4236 acerbe
499 4196 530 4236 ao
554 4181 719 4236 horribiliter
738 4192 798 4235 enm
828 4189 953 4236 accusat.
1006 4180 1083 4246 mini,
1099 4195 1206 4234 rursum
1221 4180 1374 4247 vincemini,
1388 4189 1414 4235 et
1431 4181 1453 4235 si
1468 4180 1579 4235 covasilio
1599 4181 1715 4250 inibitis,
1735 4184 1788 4238 dis·

172 4267 227 4324 Sed
243 4277 357 4324 esttunc
373 4270 465 4326 videre
489 4268 545 4324 beo
563 4270 674 4325 cbararn
714 4279 740 4325 et
767 4269 951 4325 iidelissimatn
1006 4269 1105 4342 sipabit
1127 4286 1158 4325 ea
1171 4271 1311 4338 Dotrtioos,
1332 4272 1458 4343 quioniam
1478 4272 1622 4329 nobiscum
1638 4273 1718 4337 Dens,
1741 4275 1788 4341 otri

172 4361 302 4425 animam,
325 4362 431 4415 tatttetsi
446 4369 524 4415 antea
552 4361 705 4431 frequenter
726 4359 818 4416 mttltis
833 4362 954 4431 peccatis
1006 4360 1158 4417 cunlractos
1170 4361 1260 4432 erigit,
1274 4370 1302 4417 et
1318 4361 1381 4418 iacit
1392 4363 1516 4418 inimicos
1531 4376 1641 4421 nostros
1650 4364 1783 4436 plangere,

172 4451 352 4514 vultveratam,
369 4448 426 4517 ejus
450 4450 549 4519 impetu
581 4457 609 4504 et
636 4449 716 4505 minis
734 4450 804 4506 baud
826 4450 951 4519 percelll;
1008 4450 1031 4505 si
1045 4448 1234 4521 pteniteamus.

172 4539 238 4612 quin
254 4540 407 4596 roboratam
423 4539 512 4610 potius
526 4540 551 4594 in
568 4539 692 4607 lietuino,
704 4541 731 4594 in
744 4541 843 4609 gaudio
856 4541 953 4599 solida·
1039 4539 1157 4598 xstitit.
1173 4542 1341 4613 impossibile
1355 4555 1398 4602 est
1412 4561 1472 4600 eutn
1486 4546 1531 4615 nui
1544 4546 1695 4603 instituitur
1708 4559 1790 4604 tenta·

172 4642 240 4695 term
252 4639 306 4688 eta
321 4629 631 4688 sacrisvirtutlbuseam
664 4630 822 4686 ducentibus
843 4631 953 4688 lideutia
1004 4633 1107 4690 tionum
1121 4636 1278 4692 vexationes
1300 4643 1424 4694 evadere.
1439 4639 1491 4692 Sed
1517 4637 1583 4693 tales
1597 4651 1692 4708 postea
1709 4641 1790 4697 multu

172 4724 315 4796 repletam,
329 4722 471 4780 acluntine
484 4721 544 4780 ddei
557 4723 764 4789 circumdatam,
778 4722 949 4797 malignoque
1005 4725 1113 4795 gaudio,
1134 4733 1162 4780 et
1192 4725 1314 4782 dulcibus
1332 4725 1460 4798 lacrymis
1488 4726 1641 4797 divinisque
1662 4730 1788 4785 sensibus

172 4816 254 4871 inulta
268 4832 328 4872 eum
348 4815 473 4873 libertate
487 4814 688 4881 reclamantem,
702 4813 775 4885 Quid
789 4814 838 4870 tibi
853 4816 952 4871 uobis·
1006 4815 1153 4884 replentur,
1168 4816 1212 4885 nui
1227 4816 1336 4886 quidem
1361 4817 1479 4872 dolorem
1494 4829 1520 4874 et
1539 4819 1746 4877 tribulationem
1762 4824 1788 4878 iu

170 4922 232 4963 cum
249 4915 301 4971 cut,
312 4906 429 4962 alienate
449 4921 465 4960 a
481 4906 553 4961 Deoi
569 4906 635 4977 quid
650 4905 697 4962 tibi
713 4906 864 4972 nobiscum,
882 4905 953 4976 iugi·
1008 4907 1134 4961 cordibus
1146 4906 1203 4961 suis
1217 4908 1416 4976 expetiverunt.

173 4999 226 5054 tivo
240 4997 273 5054 tle
286 4999 365 5065 ctulu,
386 5008 414 5055 et
435 5012 513 5054 serve
532 4997 667 5068 nequaml
679 4996 736 5051 Non
763 4997 846 5054 babes
869 4997 950 5051 ullam
1045 4995 1141 5055 xxix.
1154 4996 1227 5052 isaac
1239 4997 1330 5052 volens
1342 5000 1518 5069 benedicere,
1537 5010 1564 5058 et
1586 5017 1704 5059 currens
1728 5004 1790 5058 olim

171 5091 199 5147 lu
220 5106 268 5146 nos
286 5101 455 5161 potestatem.
469 5090 523 5147 llus
542 5091 626 5158 enim,
645 5099 673 5146 et
686 5103 781 5146 omnes
805 5090 830 5145 in
850 5089 952 5146 Clvrlsti
1008 5088 1078 5144 Esau
1099 5099 1127 5142 ut
1150 5089 1364 5145 benedictionem
1389 5104 1613 5162 consequeretur,
1629 5096 1711 5148 ambo
1738 5093 1791 5148 irn-

173 5193 304 5248 potestute
320 5199 422 5251 snmus,
439 5183 491 5254 ipsi
508 5182 689 5253 peccavimus,
714 5182 764 5250 ipsi
783 5183 954 5251 tcspondclti·
1008 5180 1087 5234 strati
1101 5190 1173 5245 sont,
1195 5180 1344 5236 miserante
1362 5181 1426 5249 ileo,
1440 5197 1466 5236 et
1494 5200 1552 5239 eam
1574 5185 1791 5240 benedictionem

173 5289 245 5337 runs,
254 5276 350 5343 pignos
364 5275 495 5330 babentes
511 5274 596 5344 ipsius
611 5272 802 5328 misericordias
815 5288 878 5341 erga
892 5287 951 5335 tros,
1006 5270 1090 5326 Jacob
1101 5282 1265 5327 reservante.
1278 5273 1354 5340 Qtrotl
1366 5278 1387 5327 si
1400 5284 1424 5327 ot
1437 5291 1484 5328 nos
1499 5290 1570 5344 supe
1585 5276 1720 5340 videmus,
1738 5290 1789 5329 non

173 5370 201 5412 rt
217 5363 312 5417 salutis
326 5375 425 5420 nostrae
447 5361 592 5434 pretiosam
615 5363 673 5433 ejus
700 5378 818 5418 crucem.
834 5363 873 5417 To
892 5378 954 5418 vero
1008 5376 1087 5429 qvteov
1109 5364 1214 5432 ipsimet
1236 5363 1345 5416 otnriino
1368 5364 1518 5432 t·oloimns;
1544 5364 1591 5420 scd
1618 5381 1700 5434 nivern
1724 5368 1791 5421 bens

175 5463 258 5518 apage
273 5454 393 5519 procula
420 5452 792 5523 nobis‚pestisetexitinnt;
811 5454 876 5509 ninii
907 5453 953 5507 tibi
1008 5453 1238 5522 prinsquamemn
1269 5456 1396 5510 cotnlerct
1425 5458 1682 5513 atltuinistraudunt
1710 5456 1791 5514 detti·

210 5620 443 5690 ''Psatiemii
483 5626 720 5690 ulcerasse.
758 5629 918 5686 '‘lTlvess.
936 5644 966 5694 ιι,
984 5629 1024 5685 li.
1062 5629 1148 5684 ”liud
1175 5632 1273 5687 voli.
1311 5633 1542 5702 ¹¹l‘snl.tc,lb.
