3817 6075
131 255 181 321 iil
818 265 937 327 milas
952 268 1076 330 titzAEl
1727 273 1756 341 E

131 368 241 429 mobilia
256 385 369 446 pronior
381 383 490 446 pacent:
504 382 534 430 at
557 388 619 430 cum
635 374 692 432 tint
709 374 744 430 ad
769 372 918 430 ineundam
937 390 1002 431 cum
1018 380 1109 432 anirtta
1143 377 1303 434 societatem
1320 383 1404 448 apta,
1445 371 1546 446 rjua'm
1571 374 1756 446 primitates.

130 464 259 540 deinceps
272 469 313 526 eis
332 471 429 526 iterum
449 469 577 541 olttigerlt
601 469 775 540 coniunctio,
793 479 920 541 prompta
939 473 1063 542 prolecto
1095 484 1160 530 suot
1184 486 1211 531 et
1226 483 1322 547 parata
1336 475 1372 530 ad
1387 471 1431 542 id,
1447 481 1484 530 ut
1503 486 1540 529 se
1557 471 1647 529 iorerl
1662 477 1756 540 ιλιιιια

132 569 294 631 resurgant,
308 568 338 614 ut
352 560 472 615 suaviter
496 559 583 630 ipsam
600 568 762 630 mouentur,
777 568 804 615 ct
821 559 855 614 ad
869 562 1106 619 immortalitatem
1123 573 1277 621 recurrant.

93 643 100 668 ¹
167 649 258 722 Neque
276 650 436 706 incredibile
448 660 491 707 est
503 651 648 707 materiam
665 652 693 707 io
710 653 851 708 meliorem
864 661 961 718 sta-A
1009 658 1131 713 lisicia
1153 657 1319 731 caliniaci
1342 657 1421 732 πρὸς
1441 658 1481 712 τθ
1508 655 1645 728 κρεῖττον
1665 661 1757 737 partiri

133 742 374 798 tumeommutari.
389 739 458 797 Nam
471 751 500 798 et
513 743 585 814 apud
607 743 720 813 nosqui
737 743 858 799 materiae
874 758 922 814 pe·
973 750 1023 821 τῐης
1041 748 1118 822 ύλης.
1142 750 1221 826 Ἐπεί
1238 751 1285 805 καί
1298 753 1365 822 παρ’
1384 752 1460 823 ἡμῖν
1474 751 1505 804 oi
1526 750 1600 820 scapi
1614 750 1759 824 τηνύληι.

131 834 221 890 titiam
233 834 352 903 aliquam
367 834 483 898 ltaltcnt,
497 834 515 889 ii
530 834 582 889 sllti
594 846 738 906 argentum
752 844 780 890 et
793 843 922 891 stannum
975 842 1031 911 φοί,
1043 841 1165 913 αργυρον
1184 843 1232 896 καὶ
1247 842 1418 914 κασσίτιρον
1436 841 1484 912 (5)
1506 840 1759 913 παραλσθθπις,ιί

132 933 262 989 sumunt,
289 924 380 994 priore
403 925 506 980 mctalli
530 940 630 998 genere
653 926 755 991 deleto,
777 928 922 983 materiam
973 932 1005 985 ri
1019 929 1089 996 εἶδος
1110 932 1294 1001 ἀφανίσαντες
1315 932 1364 1003 (6),
1383 931 1435 986 ἐπὶ
1460 930 1499 984 τὸ
1525 930 1696 1003 σεμνότεραι
1710 951 1760 1004 μοι

133 1020 219 1088 ipsam
236 1018 262 1072 in
279 1018 423 1089 augustius
445 1029 473 1073 et
492 1019 637 1086 pretiosius
649 1027 827 1085 conuertunt,
841 1030 924 1091 atque
974 1024 1103 1090 σαλόντες
1122 1024 1173 1096 τὴν
1195 1023 1273 1096 ύλην,
1289 1024 1393 1096 χρυσον
1412 1022 1582 1079 κάλλιστον
1599 1022 1761 1098 ίισοίησσνῆ(

133 1126 228 1167 aurum
240 1111 452 1180 pulcherrimum
468 1108 602 1166 elliciunt.
619 1109 724 1167 Pariter
742 1113 824 1167 etiam
838 1126 922 1167 arena
974 1120 1030 1173 Καὶ
1045 1120 1061 1189 η
1079 1118 1193 1189 ψάμμος
1209 1117 1402 1172 &reniterent
1415 1157 1425 1182 ,
1440 1117 1499 1169 καί
1521 1114 1558 1168 ad
1580 1115 1677 1188 νίτρσν
1689 1119 1763 1189 (ille

132 1201 923 1274 dispersa,etnitrumdiliusumjacent:ataraituotana,
975 1211 1102 1282 κέχυται·
1131 1210 1189 1264 att·
1215 1208 1373 1280 αοθρωιτσία
1398 1208 1504 1280 τέχνη
1535 1209 1644 1280 aniona
1668 1227 1722 1266 τινα
1737 1215 1764 1268 22

133 1295 276 1350 nitrumex
294 1294 336 1351 itis
349 1303 485 1350 norrrtnet
500 1294 675 1365 perspicuum
689 1305 719 1350 ut
733 1294 792 1359 liat,
806 1295 920 1366 excogi·
974 1303 1091 1374 διαφανῆ
1113 1301 1162 1374 epe
1179 1300 1257 1356 ὕελον
1272 1300 1310 1373 (9)
1334 1301 1368 1355 ia
1382 1299 1501 1354 τούτων
1519 1300 1677 1373 ἐπενόησε.
1692 1301 1764 1374 τηις

133 1387 211 1443 taric
226 1386 381 1442 Plantarum
399 1396 491 1441 autern
505 1387 670 1442 mutationes
683 1386 724 1441 rel
740 1388 924 1457 agricolarum
975 1394 1030 1451 τῶν
1043 1394 1136 1465 enemo
1159 1393 1313 1466 μεςοσολην
1331 1394 1429 1467 ᾅδουσι
1453 1394 1523 1448 τῶν
1539 1393 1682 1465 γεωργῶν
1693 1396 1716 1449 at
1727 1400 1766 1452 ae

135 1479 212 1547 pueri
231 1489 341 1534 canunt.
355 1478 426 1545 Quid
444 1478 655 1549 igiturcumqui
670 1477 923 1541 creauitlrnmincs,
975 1488 1019 1551 οε,-
1033 1488 1099 1558 (iii).
1117 1488 1150 1540 Τί
1164 1484 1229 1554 σύος
1244 1485 1410 1559 ἀνθρώπων,
1425 1486 1479 1540 τὸν
1503 1485 1567 1541 τῶν
1581 1485 1766 1559 ὰνθρύπινίη

134 1567 291 1625 ltomiuiltut
311 1569 378 1637 ipsis
403 1567 611 1624 imbecilliorem
628 1576 655 1623 et
672 1568 815 1623 rudiorem
833 1569 925 1639 suspi·
977 1577 1109 1651 μοοοργοο
1119 1578 1314 1651 ἀσθενέστερον
1329 1578 1376 1633 καί
1386 1578 1593 1651 ἀπειρότερον
1610 1579 1766 1652 camelinae

133 1660 249 1714 ‹tarnurl
271 1660 311 1714 dn
334 1674 388 1714 non
411 1660 509 1714 delicat
523 1674 619 1714 earum
642 1674 704 1731 qum
724 1660 847 1729 quotidie
860 1676 925 1717 cve·
976 1669 1023 1722 aral
1038 1669 1099 1724 οὐδὲ
1111 1669 1167 1724 τῶν
1179 1668 1241 1724 καθ’
1256 1669 1375 1740 ίκύστην
1388 1668 1512 1740 ἡμέραν
1528 1669 1709 1743 γιγνομὲνων
1719 1674 1767 1742 lai

135 1753 214 1807 niunt
228 1766 331 1818 rerum,
345 1767 392 1807 seu
407 1749 473 1806 iides
488 1766 536 1807 seo
551 1760 624 1807 certa
637 1765 670 1806 ac
682 1750 760 1806 llrnta
771 1753 923 1822 persuasio,
977 1775 1036 1823 στις
1059 1758 1109 1830 τὴν
1133 1760 1197 1832 ιπρ)
1213 1758 1269 1813 τῶν
1291 1758 1447 1830 μελλόντων
1475 1759 1631 1815 ἀπιστίαν
1655 1761 1767 1833 iii-isan

134 1846 215 1917 661
235 1853 266 1901 ut
277 1859 313 1901 tte
326 1846 359 1901 de
374 1844 476 1900 luituris
499 1843 576 1900 duuti
591 1843 768 1916 perpletiqttc
789 1860 923 1913 essemus,
983 1850 1065 1904 'atii
1078 1850 1164 1904 aeolida
1177 1850 1228 1921 μὲν
1245 1850 1299 1922 πρὸ
1312 1850 1359 1904 τοῦ
1373 1850 1489 1919 ἀγῶνος
1505 1850 1546 1906 τὰ
1559 1851 1769 1925 γυμναστικοὶ

135 1936 298 2006 proitiiterei
312 1934 365 1991 Sed
379 1936 464 1991 multa
488 1950 551 1992 cum
575 1936 630 1991 sint
648 1948 711 1993 unte
731 1947 857 1993 nostrum
873 1937 926 1993 itoc
976 1939 1069 1994 θετον
1090 1940 1185 2009 ἀγῶνα
1206 1940 1317 1995 πάντων
1338 1941 1568 2014 ἐπιλελησμένοι
1590 1943 1771 2001 διαλύεσθαθ

138 2033 277 2081 certamen
289 2025 430 2089 exercitia,
449 2041 603 2081 cuneorum
616 2026 741 2081 outuium
756 2026 833 2082 obliti
847 2025 926 2097 quasi
943 2020 1091 2102 Βγέγονεν
1112 2034 1127 2085 d
1145 2033 1264 2105 κόσμος,
1279 2033 1423 2105 ὡσπερούν
1451 2034 1518 2106 (Η)
1549 2035 1660 2106 γέγονε
1682 2037 1771 2110 ηηηινη

136 2127 209 2172 metu
223 2116 305 2171 soluti
325 2117 464 2172 cedimusl
479 2118 507 2173 Si
522 2116 611 2174 iactus
628 2127 670 2174 est
683 2118 815 2185 mundus,
829 2133 925 2189 quem·
980 2123 1099 2178 κατὰτὸ
1117 2123 1197 2194 σῶμα
1219 2123 1251 2178 sl
1273 2124 1382 2196 πρῶτον
1398 2124 1414 2177 d
1433 2123 1623 2197 ἄνθρωπος·
1648 2128 1773 2202 πίθινιίρ

136 2207 283 2263 admodum
298 2208 380 2263 etiam
404 2209 487 2264 homo
502 2209 590 2266 iactus
612 2218 664 2277 est,
680 2220 707 2266 et
718 2209 814 2276 initio,
835 2209 927 2279 quoad
979 2214 1108 2281 ύλλοθενς
1122 2215 1220 2270 ούκούν
1231 2216 1303 2271 κατὰ
1322 2214 1403 2285 φύσιν
1417 2215 1473 2270 ἀπο
1492 2216 1555 2290 τῆς
1570 2219 1632 2292 γῆς
1651 2217 1773 2292 (lilian-

135 2314 247 2372 corpus,
270 2300 405 2373 terrigena
424 2302 524 2373 prodiit
537 2300 620 2372 (unde
633 2302 706 2358 enim
720 2302 788 2359 alias
808 2302 928 2375 prodiis-
983 2325 1029 2380 ρον
1050 2308 1180 2378 γενέσθαι
1194 2308 1241 2363 τον
1258 2307 1418 2381 ύνθριοιοονς

136 2392 230 2466 setila
251 2408 343 2450 annon
366 2402 410 2451 est
429 2403 535 2450 naturae
555 2406 785 2463 consentaneum,
801 2394 930 2452 eumdem

135 2482 218 2542 etiam
233 2493 333 2542 eterra
348 2486 477 2556 deinceps
492 2486 630 2542 hominem
646 2486 739 2543 nascit

174 2576 244 2646 Quid
257 2578 339 2650 igitur
357 2580 390 2634 de
412 2579 492 2634 reltus
512 2579 624 2634 omnino
639 2578 709 2634 ueris
729 2587 757 2634 et
781 2578 922 2634 concessis
1011 2570 1103 2630 ‘licit
1118 2574 1188 2647 πρὸς
1204 2574 1360 2647 adcincti,
1374 2572 1423 2628 καλ
1441 2573 1477 2629 ’σθ
1494 2572 1723 2648 ὁμολογούμενα
1734 2593 1776 2637 ιι-

173 2737 212 2806 (ii)
231 2735 285 2791 GC.
305 2736 336 2794 P.
352 2736 463 2791 καττίτε
981 2734 1099 2817 peccarim
1114 2735 1286 2821 ίχρίησατο·ὁ
1302 2732 1373 2804 ieci
1387 2732 1436 2788 aut
1451 2734 1487 2789 τὰ
1502 2735 1580 2807 περὶ

173 2807 211 2879 (θ)
226 2804 280 2862 CC.
296 2806 327 2860 P.
346 2753 522 2862 insensum
540 2806 777 2878 συγχωνεύσαντες
791 2806 839 2861 καί
855 2804 928 2876 χρώ·
982 2823 1030 2859 σον
1051 2805 1099 2859 καί
1115 2806 1237 2890 ἀργυρσν
1259 2806 1316 2869 τοῖς
1333 2803 1461 2868 παλαιοῖς
1484 2738 1776 2892 γεγραέημῖαωβιῇ

138 2893 247 2939 σαντες.
981 2876 1226 2945 θιερεονησαμενος
1241 2873 1341 2929 ἔκαυσε
1354 2873 1423 2944 πρὸς
1435 2872 1467 2926 rt
1483 2878 1599 2945 μηκέτι
1618 2895 1736 2933 παοντον
1745 2877 1776 2931 ii·

174 2949 213 3019 (7)
231 2945 331 3001 lictum
351 2948 447 3013 langii,
465 2961 545 3017 qoam
565 2960 663 3013 supra,
682 2956 768 3001 artem
793 2954 931 2999 transmit·
982 2943 1108 3014 γνπτίοις
1121 2944 1212 3013 ἐκτῆς
1225 2944 1354 3085 τοιαύτης
1369 2943 1582 3015 προσγίνεσθαι
1598 2948 1717 3030 τὲχνης,
1729 2947 1776 3019 past

138 3019 282 3075 tattdorum
309 3016 489 3072 metallorum.
519 3015 661 3085 Duplirnre
689 3015 826 3071 metullum
860 3016 930 3070 itane
982 3016 1131 3087 χημάτων
1148 3014 1247 3079 αὐτούς
1271 3014 1325 3086 θα)
1344 3014 1440 3078 siurac
1457 3018 1622 3092 περιουσίᾳ
1639 3015 1776 3075 emtam

138 3089 261 3145 cumulem
289 3101 346 3143 rem
366 3087 431 3141 dicit
450 3085 604 3156 intelligens
629 3085 774 3151 Manilius,
798 3100 858 3140 cum
888 3085 930 3138 ni·
987 3032 1134 3156 ’βωμαίοις
1162 3084 1313 3154 ἀνταίρειν.
1334 3084 1438 3150 Quibus
1452 3086 1552 3142 veritis
1572 3098 1659 3159 patet
1679 3101 1777 3145 ιτιοε·

142 3159 241 3213 mirum
256 3167 394 3220 stannum,
409 3157 495 3227 gratia
513 3156 647 3226 exetupii,
667 3165 782 3226 argento
795 3154 928 3209 sociatum
984 3167 1095 3221 gentum
1115 3154 1175 3209 illos
1196 3155 1322 3210 homines
1344 3154 1441 3209 iecisse
1465 3169 1558 3225 quam
1579 3175 1700 3216 aurum.
1723 3157 1777 3216 ῦιθ

140 3231 168 3284 in
184 3230 235 3284 ltuc
251 3229 361 3295 transit,
376 3239 469 3295 utpote
484 3227 611 3291 dignius;
628 3241 708 3296 quent
729 3231 862 3296 nutantum
883 3217 964 3277 lta-C
985 3225 1079 3280 llrmor
1095 3224 1121 3276 in
1137 3226 1272 3279 sententia
1288 3224 1345 3294 jam
1362 3234 1495 3306 concepta
1512 3241 1522 3277 a
1541 3229 1690 3286 nintirum
1711 3229 1776 3287 lot·

140 3299 240 3357 ltebaui
255 3300 297 3353 isti
314 3296 475 3353 materiarii.
488 3295 578 3352 terna
594 3295 695 3351 llarulii
711 3309 857 3364 apponam,
873 3305 931 3348 uta
984 3296 1067 3351 istum
1083 3291 1177 3348 AEncae
1192 3309 1288 3349 sanum
1302 3309 1414 3350 ommno
1429 3310 1484 3349 uon
1499 3309 1583 3353 esse.
1598 3298 1669 3355 Non
1680 3302 1776 3357 eni-tt

140 3380 203 3425 nota
229 3366 360 3423 deletoria
372 3366 430 3422 ius.
454 3366 586 3436 scaligeri
606 3367 754 3422 uindicem.
775 3364 843 3418 Cum
858 3362 931 3418 enim
983 3374 1096 3435 argento
1115 3371 1144 3418 et
1163 3373 1262 3419 stanno
1277 3380 1373 3420 aururn
1390 3363 1493 3419 iaciunt
1512 3366 1655 3436 dixerit,
1672 3385 1724 3429 nee
1743 3372 1776 3424 itt

142 3446 173 3492 nt
189 3438 223 3491 dn
238 3451 267 3491 ro
287 3447 350 3492 nota
368 3436 466 3492 AEoeas
484 3438 510 3490 lo
530 3445 611 3490 uutur
630 3447 657 3492 et
678 3435 752 3490 clarc
767 3433 839 3488 idem
860 3433 933 3491 licat
985 3434 1038 3490 ulla
1069 3435 1300 3502 metamorphosis
1335 3434 1508 3504 polliccatur.
1543 3436 1605 3493 Sed
1642 3438 1775 3496 distineri

141 3506 276 3572 ilanllius,
291 3520 376 3574 quare
396 3521 449 3560 nott
465 3452 608 3561 credentias
623 3507 715 3577 potius
729 3518 762 3558 eo
775 3503 858 3559 etiam
873 3517 932 3557 aero
983 3504 1094 3574 scripsit
1117 3503 1209 3558 addito
1228 3514 1326 3558 stanno
1351 3505 1476 3559 homines
1490 3519 1543 3562 eos
1572 3520 1730 3580 argentum
1745 3523 1776 3563 tr

141 3587 233 3634 uotam
250 3579 319 3633 itanc
334 3578 494 3632 iudustriam
514 3576 619 3642 luisse,
642 3591 723 3647 quarn
739 3584 767 3628 ut
783 3587 832 3628 uec
848 3571 934 3627 inior·
983 3576 1072 3640 κίονος
1088 3572 1172 3639 alios,
1190 3574 1232 3627 rel
1248 3583 1276 3630 et
1290 3574 1413 3655 eosdem,
1429 3589 1529 3642 putum
1549 3592 1663 3634 aurum
1680 3579 1776 3650 possin

141 3657 254 3704 memet
274 3647 332 3701 loco
350 3648 466 3701 utaxitue
482 3655 675 3715 congruentem
696 3659 807 3700 versum
836 3651 932 3699 coutta
983 3661 1018 3700 ex
1034 3645 1150 3699 materia
1163 3655 1283 3712 congrua
1298 3660 1365 3713 ipsis
1379 3655 1445 3698 nota
1459 3645 1639 3713 producere.
1656 3648 1775 3722 oputa't

141 3719 261 3774 ouutiutn
272 3716 402 3770 iilrroriun
418 3725 479 3771 tutta
495 3717 635 3787 ejiciauuts
651 3719 848 3779 intutereutem,
862 3713 931 3769 littra
982 3713 1254 3783 melioreexcmplati
1271 3729 1353 3782 quam
1370 3712 1419 3768 init
1430 3715 1653 3784 attgusrannm,
1670 3730 1703 3775 ut
1716 3721 1775 3776 fies

141 3798 252 3858 quarto,
266 3785 320 3842 245
336 3804 343 3840 :
362 3784 441 3840 Vetto
457 3796 526 3852 tttor,
542 3786 713 3854 Capricornc,
731 3784 798 3854 (οισι
811 3794 932 3851 penetru-
983 3785 1027 3839 alii
1046 3784 1126 3854 liujus
1143 3785 1265 3838 auctoris
1287 3784 1338 3839 ioci
1362 3783 1582 3843 constituantur.
1599 3787 1682 3846 Nam
1705 3788 1774 3871 οοϊρ·

141 3859 210 3913 iiius
223 3859 306 3927 ipuer.
319 3854 479 3930 [diacones
488 3857 653 3926 rtudittmgue
665 3858 749 3909 troitir
760 3871 769 3908 .·
782 3871 843 3908 num
855 3853 932 3923 guid·
983 3855 1069 3911 cturis
1084 3855 1150 3909 solis
1168 3863 1330 3923 postponent
1344 3855 1435 3922 pauci,
1451 3862 1480 3906 ul
1500 3866 1570 3911 sunt
1582 3859 1769 3917 hominum}

141 3925 501 4000 quidinttrrtr[19ttirugit
522 3924 801 3997 poscitqueuoousud
822 3937 931 3977 mcucru
983 3926 1072 3997 genia,
1097 3924 1240 3980 lectiottetu
1265 3924 1378 3985 editum,
1404 3938 1487 3993 quatu
1515 3933 1614 3983 tamen
1645 3932 1775 3986 delen&

142 3999 263 4069 pommus
280 3995 347 4069 [Sui
369 4008 393 4050 le
407 3999 563 4052 contendum
577 4008 614 4051 cat
629 3996 765 4055 :scrutari
786 4010 856 4048 cccco
878 4008 932 4046 tue-
984 4008 1200 4063 netnounguam
1218 3994 1327 4062 poterit.
1355 3993 1449 4049 Possis
1474 3996 1628 4053 scribere:
1664 4002 1726 4056 Kal
1746 3998 1780 4053 aiu

142 4066 209 4121 trita
234 4063 383 4137 [lieporitur
405 4077 428 4120 et
455 4084 526 4136 oper,
552 4078 677 4134 terrentur
705 4080 814 4119 exurere
841 4078 930 4129 arnor,
983 4064 1227 4134 ἀπίθανοςηπρδς
1237 4063 1266 4117 τὸ
1278 4066 1402 4134 κρεῖττον
1412 4062 1549 4136 μεταδοίη
1563 4069 1618 4134 τῆς
1637 4070 1716 4144 ύλης
1736 4070 1784 4125 lael

143 4134 349 4209 [Melaniumque
371 4153 451 4190 ntuntr
469 4150 540 4191 certo
562 4135 724 4202 duplicandos
743 4144 810 4199 orte,
845 4133 932 4197 Quid·
983 4138 1031 4190 καὶ
1045 4136 1111 4202 παρ’
1128 4136 1194 4205 ἡμῖν
1216 4134 1241 4185 ul
1255 4133 1320 4256 περὶ
1336 4135 1386 4205 τὴν
1402 4134 1479 4218 ὓλην.
1490 4137 1571 4203 σοφοὶ
1590 4139 1736 4214 ἄργυρον
1747 4136 1784 4194 ni

142 4208 241 4276 quidet
258 4217 365 4275 orpettlo
382 4208 537 4274 intricetur,
557 4207 684 4275 quidquid
700 4213 724 4258 el
743 4219 821 4266 uitro,
849 4201 931 4256 ilttrtrt
983 4205 1143 4274 καττίτερον
1159 4203 1285 4275 παρσλαύ
1301 4221 1361 4268 ντες
1376 4205 1423 4259 καί
1434 4221 1531 4258 τουτον
1544 4203 1625 4274 είδος
1641 4208 1785 4283 &pavlus

144 4274 287 4344 duplicari,
303 4275 395 4330 labore
406 4275 509 4346 attigeri,
525 4284 599 4328 certa
616 4275 762 4329 accedente
778 4287 848 4327 arte.
864 4270 931 4324 Cer·
983 4293 1039 4340 τες,
1054 4275 1101 4326 ἐστὶ
1118 4275 1148 4326 τὸ
1161 4274 1322 4344 σεμνότερον
1335 4273 1536 4344 pernoctatum
1556 4276 1613 4350 τὴν
1629 4280 1719 4355 ὓλην,
1733 4296 1786 4353 xpi·

145 4356 200 4400 tam
213 4346 289 4408 dicit,
304 4349 376 4415 quod
391 4345 514 4398 rideatur
526 4345 664 4411 plerisque
681 4357 724 4396 tes
741 4353 795 4395 taut
810 4340 931 4395 inusitati
985 4345 1031 4397 adu
1047 4341 1123 4397 itini
1146 4343 1288 4398 κάλλιστον
1312 4344 1454 4415 ἐποίησαν.
1482 4343 1609 4403 Prorsus
1622 4364 1784 4420 persuasu

144 4414 260 4482 esentpii
280 4417 308 4468 itt
325 4421 420 4467 tratura
439 4427 528 4467 rerum
547 4412 605 4464 lieri
623 4426 675 4464 ttou
693 4426 788 4478 posse;
806 4421 835 4463 ut
851 4410 933 4462 ttittti-
985 4413 1070 4468 hatten
1088 4415 1123 4469 ita
1145 4411 1258 4467 AEnearn
1280 4424 1405 4468 nostruin
1432 4415 1592 4484 scripsisse,
1618 4421 1708 4487 (Μ)
1726 4436 1785 4475 ω..

145 4498 206 4538 rurtt
218 4483 349 4539 industria
363 4485 480 4536 ituruorta
495 4479 597 4535 eiiciat
609 4481 681 4549 quod
695 4480 779 4532 solius
791 4479 933 4533 uidebatur
981 4481 1104 4553 jen-iuras
1122 4483 1167 4538 isti
1185 4494 1375 4551 aspernantur,
1393 4485 1464 4539 scite
1483 4487 1614 4543 irontiues
1630 4491 1785 4562 simplicio·

144 4554 179 4609 de
193 4563 291 4608 cmtcro
305 4561 418 4608 nature.
435 4549 474 4605 lie
493 4549 684 4604 intellexerunt
698 4548 806 4616 quidem
823 4561 933 4601 uersum
949 4554 973 4614 [p
987 4568 1030 4608 m
1045 4567 1122 4621 aequn
1133 4552 1225 4616 uelim,
1241 4554 1371 4623 quidquid
1398 4570 1451 4608 nnn
1468 4554 1574 4609 clarum
1590 4557 1720 4630 legunt,
1737 4558 1785 4632 pri·

145 4623 218 4679 ltuuc
228 4621 379 4678 doctissimi
396 4621 519 4676 ltomines
530 4620 671 4684 lractenus‚
687 4631 767 4742 ημοιιι
783 4614 879 4697 AErteas
893 4615 932 4670 io·
985 4638 1061 4677 murn
1079 4624 1249 4677 indoctorum
1265 4624 1439 4678 librariorum
1466 4624 1500 4678 de
1523 4626 1617 4695 prisca
1644 4631 1784 4701 scriptura

144 4707 194 4749 cus
207 4693 293 4763 aperit
309 4693 415 4749 tandem
430 4689 553 4746 simulet
569 4690 676 4745 asserit.
717 4702 741 4742 tr
754 4687 931 4744 docttsstmus
984 4707 1031 4748 eos
1045 4693 1133 4763 legere
1147 4691 1380 4760 conjectationes,
1403 4693 1503 4748 deinde
1514 4711 1613 4752 eorum
1636 4703 1728 4755 etiam
1743 4698 1784 4770 qui

144 4764 279 4818 Antonius
295 4762 384 4818 lielrio
397 4761 426 4816 in
442 4759 682 4831 disquisitionibus
698 4757 811 4829 magicis
825 4770 848 4819 t,
863 4755 932 4838 cii,
984 4770 1104 4833 praesunt
1130 4763 1372 4831 cltaluogrnplteis;
1404 4765 1577 4833 adquorum
1599 4778 1785 4841 utrorumque

145 4848 174 4904 ii·
193 4831 239 4896 69·
259 4843 396 4888 retentum
416 4831 499 4886 voluit
516 4846 643 4897 tersunt3
659 4829 706 4886 scd
723 4828 757 4885 de
771 4828 933 4884 bracteartis
983 4843 1092 4901 captum
1104 4841 1196 4902 peccat
1228 4832 1340 4899 uiduuid
1353 4833 1379 4886 in
1393 4834 1514 4903 antiquis
1525 4840 1698 4896 auctoribus
1713 4853 1786 4895 ιοτο·

146 4919 200 4960 nou
212 4905 245 4959 ad
258 4918 315 4959 rent
332 4905 525 4971 interpretatus
537 4913 589 4958 est.
604 4899 726 4955 liliorum
742 4897 933 4978 castigationes
982 4902 1078 4958 dosum
1093 4846 1316 4981 legiturfllorum
1332 4917 1380 4956 cos
1400 4904 1481 4958 malle
1497 4909 1693 4976 corruptrices
1707 4922 1784 4979 gun

147 4975 392 5040 nonattendimus3
414 4966 933 5035 trutteuituemendatlonc,sedcsplt·
983 4972 1114 5041 ingeniosi
1148 4972 1266 5040 alicujus
1294 4972 1421 5044 doctique
1453 4974 1572 5030 hominis
1596 4981 1785 5036 restitutrices

145 5045 253 5100 catione
267 5059 335 5113 opus
351 5044 527 5099 ltaltebarnus.
547 5070 582 5084 -
600 5037 659 5094 Nou
675 5038 789 5093 nimium
815 5037 930 5106 peritum
982 5042 1154 5111 conjecturas
1177 5042 1320 5096 decadem
1340 5054 1399 5106 cst,
1414 5059 1496 5113 quam
1513 5047 1595 5100 ritodo
1610 5046 1785 5113 inituebara,

147 5114 187 5169 rei
210 5113 294 5169 luisse
310 5112 427 5168 AEneam
445 5121 572 5181 oportet;
599 5120 647 5166 aut
662 5108 797 5176 uolgatior
814 5117 870 5160 tutu
896 5119 928 5160 ea
983 5111 1165 5181 simplicitate,
1178 5113 1312 5182 cujusque
1322 5126 1372 5182 ogo
1385 5128 1438 5168 non
1453 5115 1541 5172 audeo
1559 5115 1657 5174 dicere
1670 5133 1785 5177 nomes.

147 5183 208 5248 luit,
224 5184 430 5252 quamcredere
446 5195 519 5237 nuuc
537 5180 640 5250 possint
655 5179 700 5250 qui
719 5185 793 5231 tanto
811 5184 931 5257 tempore
984 5179 1032 5236 Ba.

148 5253 284 5321 tantisque
302 5253 433 5322 itttpensis
453 5265 513 5307 enm
530 5251 679 5319 inquirunt.
696 5244 768 5301 Saue
783 5245 931 5314 aliquando
1020 5250 1048 5312 (8
1075 5252 1128 5306 atil
1143 5251 1243 5374 λίτρον.

149 5320 284 5388 vulgatam
306 5334 394 5378 artem
409 5323 493 5377 luisse
511 5322 604 5382 docet,
621 5318 711 5387 quod,
730 5316 848 5385 pretium
866 5330 933 5370 turo
1019 5322 1046 5391 (9
1072 5322 1124 5377 CC.
1141 5322 1161 5376 P
1204 5321 1277 5375 αλον.

149 5388 212 5442 inde
224 5390 399 5447 decessurum
415 5405 549 5454 metuens,
564 5389 647 5443 libros
658 5387 786 5441 docentes
800 5386 934 5441 exusserit
1019 5392 1075 5462 (10)
1092 5389 1237 5461 Γοωρηιῖιν
1250 5392 1278 5444 ol
1302 5390 1416 5459 παῖδες.
1439 5392 1578 5468 Discipuli.
1594 5397 1665 5456 Vide
1682 5402 1720 5457 ad
1734 5400 1784 5458 Za·

152 5457 346 5514 Diocletianus.
366 5461 471 5516 Suidtt:
497 5458 626 5531 Χημεία,
646 5458 664 5526 ἡ
684 5455 732 5509 σού
749 5456 869 5527 ἀργύρου
887 5455 935 5508 καὶ
983 5461 1101 5518 chariam
1119 5461 1322 5525 scholasticum,
1340 5479 1366 5516 n.
1379 5464 1424 5519 45,
1441 5463 1490 5521 Bt,

150 5523 541 5666 littittt’ttlniei
556 5526 934 5668 liitd‘stiltliltpd
1019 5531 1076 5673 iiii
1091 5529 1182 5657 iii
1208 5527 1388 5671 iiiiii,

152 5664 250 5733 σιτίοις.
262 5664 334 5724 idem
348 5665 375 5722 itt
390 5667 552 5724 Diocletiano
567 5686 572 5721 ε
591 5665 701 5729 Τούτοις
724 5667 869 5736 ἀνημέρους
886 5665 932 5719 καὶ
1294 5640 1299 5671 ¹
