3817 6075
131 295 202 366 itis
646 297 846 359 ZACHARIAE
864 296 1077 359 MITYLENES
1092 296 1259 357 episcopt
1674 243 1756 356 *titt

162 408 249 480 Mihi,
273 408 331 463 Nisi
355 416 559 463 reteoaeternas
582 406 637 461 Deo
658 406 819 473 dixerimus,
846 408 954 468 heush
1003 409 1094 462 tritt.
1111 409 1142 460 Εἰ
1161 408 1197 477 μὴ
1220 405 1354 473 συναῖθια,
1373 400 1391 478 ἦ
1410 405 1488 468 θ’θς,
1505 404 1546 475 τῷ
1559 403 1624 473 Θεῷ
1640 403 1674 458 τά
1696 405 1756 458 insa

131 517 200 556 sone
213 516 260 556 aas
280 500 387 554 nolebat
406 510 536 554 exstare:
563 507 644 567 atone
665 498 702 553 ita
718 496 770 552 init
789 514 850 552 corn
868 513 916 552 νο-
970 501 1103 571 φήσομεν,
1120 501 1134 551 ό
1150 499 1216 562 θεός
1235 499 1289 570 άρα
1306 500 1355 551 οὐκ
1373 497 1427 566 (to)
1444 496 1586 566 ὴθουλὴθη
1608 495 1756 563 ὑποστῆναι

132 593 263 648 hnrtatertt
282 592 317 647 de
338 591 420 645 rebus
435 604 489 644 nott
506 588 628 653 haberet,
643 605 676 645 ex
690 600 811 660 tempore
826 598 916 646 autem
969 573 1004 646 τά
1021 591 1103 644 θντα·
1125 593 1172 645 καὶ
1193 588 1227 661 ἦν
1247 591 1292 644 ὅτε
1315 590 1364 660 τὴν
1379 591 1444 659 περὶ
1458 588 1514 641 τῶν
1528 587 1619 641 θντων
1635 587 1758 656 βούλησιν

132 684 322 740 consuluerit
342 691 369 737 et
390 682 572 747 constitnerit,
599 684 753 736 necessario
772 683 917 752 aiiqoanrio
969 682 1020 734 οὑκ
1034 675 1109 751 εἶχε·
1125 681 1213 752 χρόνῳ
1225 680 1253 733 δέ
1269 680 1493 748 βουλευσάμενος,
1508 678 1540 744 έξ
1554 677 1684 746 ἀνάγκης
1698 679 1758 730 ποτέ

131 776 215 831 etiam
225 767 917 844 consiiinrnmotahit.Qoopositn,nonjanranchis
970 771 1018 825 aet
1036 769 1291 840 μεταόουλεύσεται.
1310 770 1341 821 et
1362 768 1390 821 όέ
1409 767 1503 832 τοῦτο,
1523 758 1618 819 ὀὐκέτ’
1639 765 1675 820 άν
1698 768 1760 834 ἡμῖν

133 870 168 923 tie
180 865 235 921 lieo
246 876 429 921 consentanea
444 868 536 936 opinio
548 868 713 923 servabitur.
726 866 792 920 Naro
809 869 835 920 in
848 878 916 921 teor·
971 863 1068 931 ἡπερὺ
1087 860 1154 913 Θεοῦ
1171 860 1314 929 πρέπουσα
1328 857 1463 927 ὑπόληψις
1483 855 1705 924 όιασωθέγσεται.
1726 854 1761 909 Τό

132 971 200 1025 pore
215 957 379 1020 deliberare,
401 966 430 1013 ct
442 956 666 1013 deliberationem
690 969 805 1023 motare,
830 967 918 1011 onna-
971 952 1025 1022 γάρ
1038 952 1127 1023 χρόνῳ
1151 949 1325 1021 βουλεύεσθαι
1339 950 1386 1002 καὶ
1410 947 1677 1016 μεταάουλεύεσθαι,
1701 965 1761 1018 τρε-

132 1050 215 1106 orreo
231 1049 335 1104 inducit
350 1064 411 1105 eum
428 1049 473 1121 qui
487 1048 639 1119 hujusmodi
660 1046 850 1104 affectionibus
870 1050 918 1103 ob·
971 1044 1038 1098 πτθν
1062 1044 1167 1113 εὑσάγει
1183 1044 1228 1097 τόν
1241 1045 1299 1107 τοῖς
1314 1041 1446 1105 τοιούτοις
1471 1040 1639 1113 παθήμασιν
1654 1040 1761 1093 ύποιιεὶ-

134 1141 297 1197 nosissest.
972 1150 1063 1204 μενον,
1528 1115 1540 1133 ‘
1691 1172 1696 1180 .

168 1231 305 1289 CiihiST.
326 1229 576 1295 Veromenimrero,
605 1230 642 1284 toi
668 1229 838 1299 philosopho,
864 1243 917 1299 noo
1006 1222 1117 1277 ΧΡΙΣΤ.
1137 1214 1439 1291 miserantissime
1460 1223 1521 1286 τάν,
1544 1216 1702 1291 ἦνόέγὼ,
1715 1220 1763 1271 sta

134 1323 399 1389 seeoeseestdicere
418 1323 500 1376 θειιιο
521 1322 549 1376 in
567 1328 688 1391 tempore
705 1322 847 1375 consitioni
866 1336 913 1375 ee·
972 1317 1078 1388 άνάγιιιγ
1091 1315 1180 1387 χρόνῳ
1196 1315 1391 1386 βουλεύσασθαι
1403 1316 1468 1385 περ)
1480 1316 1531 1385 τῆς
1538 1313 1597 1369 τῶν
1610 1312 1762 1383 γεγονότων

35 1470 50 1482 ,
107 1414 208 1485 pisse
235 1413 270 1468 tie
301 1413 383 1468 rebus
417 1412 613 1481 procreandis:
647 1413 669 1467 si
701 1426 793 1466 earnm
823 1422 918 1465 nonna
973 1406 1128 1470 συστάσεως
1137 1405 1226 1474 λέγειν
1236 1405 1281 1458 τόν
1292 1405 1368 1458 Θεόν.
1380 1406 1412 1458 et
1422 1404 1454 1476 δὴ
1465 1399 1511 1458 σύν
1522 1405 1697 1475 συνάναρχσς
1710 1404 1762 1472 (θη

136 1503 252 1575 ῐρίιοταί
264 1511 448 1569 coeterna,et
464 1503 586 1574 principii
602 1502 728 1557 similiter
746 1517 857 1572 expers,
871 1504 917 1557 reti
971 1497 1011 1566 τῷ
1023 1495 1196 1566 θεῷλέγοιτο
1211 1496 1258 1549 καὶ
1275 1495 1409 1559 sauctitas
1427 1495 1566 1565 τούτων)
1594 1494 1691 1564 φύσις,
1708 1494 1761 1546 ἀλλ’

135 1591 230 1649 hahuit
243 1594 277 1648 de
292 1593 324 1647 iis
345 1593 510 1647 uoluntatem
528 1601 666 1647 carentem
692 1592 837 1661 principio,
861 1600 918 1645 tan·
973 1586 1028 1659 τῐχε
1045 1590 1093 1659 μὲν
1107 1588 1156 1658 τὴν
1170 1589 1235 1658 περὶ
1249 1586 1351 1640 τούτων
1366 1586 1493 1657 βούλησιν
1509 1587 1631 1657 ἄναρχον
1646 1585 1687 1649 ὡς
1698 1588 1762 1652 άγα·

136 1698 218 1753 otram
234 1683 361 1738 honoret
375 1681 456 1748 Deos,
470 1683 497 1737 in
512 1691 601 1738 actunr
615 1692 705 1737 autern
718 1681 843 1749 pertinxit
857 1696 918 1735 conr
973 1679 1018 1742 θός
1032 1679 1079 1732 καὶ
1094 1677 1177 1740 Θεός·
1193 1678 1366 1748 ὑπεστήσατο
1387 1676 1435 1741 δὲ,
1452 1677 1496 1729 ὅτε
1512 1676 1652 1729 συνοίσειν
1667 1675 1762 1746 {petis

134 1775 306 1829 commodum
327 1773 444 1828 totorum
469 1782 530 1830 erat
555 1774 637 1829 rehus
660 1788 720 1842 quae
746 1772 824 1828 iactae
844 1781 919 1828 sont.
935 1762 1027 1836 Βποίς
1041 1770 1203 1842 γινομένοις.
1220 1770 1336 1824 Ἔπειτα
1349 1771 1378 1824 δέ
1392 1770 1422 1823 τό
1438 1769 1629 1840 βουλεύεσθαι,
1649 1768 1699 1821 έπὶ
1717 1769 1762 1839 μέν

137 1864 238 1920 Deinde
254 1863 415 1929 deliberare,
427 1863 486 1918 sire
499 1863 642 1918 consitium
656 1876 765 1933 capere,
787 1864 814 1916 in
829 1861 919 1917 ὑοιιιί·
969 1862 1121 1935 ἀνθρώπων
1146 1861 1302 1933 ἱεγόμενον,
1321 1864 1427 1934 τροπήν
1452 1879 1482 1914 τε
1506 1861 1554 1915 καὶ
1573 1860 1606 1914 τό
1626 1860 1763 1931 μεταθαυ·

136 1954 215 2010 nibus
227 1955 335 2025 quidem
361 1955 424 2009 rium
438 1962 594 2024 trsurpntor,
619 1952 645 2007 in
664 1952 857 2023 cogitationem
874 1952 917 2008 in·
969 1956 1105 2019 λούεσθαι,
1118 1956 1233 2027 παρέχει
1244 1958 1331 2009 νοεῖν·
1347 1956 1393 2009 ini
1405 1955 1434 2008 δέ
1448 1953 1517 2008 Θεοῦ
1533 1953 1566 2007 τὺ
1581 1951 1763 2023 βουλεύεσθσι

136 2042 211 2097 ducit
224 2043 382 2099 mutationis
400 2053 427 2098 et
441 2044 609 2098 alterationis
628 2043 747 2099 consilii.
769 2041 804 2098 ht
823 2042 850 2097 itt
866 2042 920 2097 Deo
969 2048 1020 2102 οόιι
1036 2048 1197 2120 ἀνθρώπων,
1224 2048 1318 2115 ἐπειδὴ
1344 2045 1381 2119 μὴ
1404 2047 1546 2118 ἄνθρωπος
1562 2045 1578 2097 ό
1593 2044 1680 2107 ese,-
1698 2060 1762 2097 κετ-

91 2152 96 2160 ·
135 2132 286 2190 deliberare
303 2149 356 2189 non
375 2135 521 2190 humanam
542 2136 624 2192 hahet
639 2135 857 2205 intelligentiam,
882 2134 920 2189 si·
970 2139 1091 2211 atinio:
1125 2134 1172 2193 σύν
1202 2141 1263 2203 ταῖς
1287 2138 1484 2211 ὑποκειμέναις
1511 2138 1611 2207 φύσεσι
1642 2137 1676 2191 τό
1703 2136 1763 2208 βον-

134 2221 241 2294 quitienr
278 2222 350 2279 heus
376 2225 456 2279 Ιιοιινο
477 2240 529 2281 nort
549 2234 612 2282 ests
638 2224 844 2281 accommodate
869 2224 919 2293 ipi-
969 2232 1228 2304 λεόεαθαιυανχτέαν.

136 2327 180 2367 ιον
193 2313 226 2369 αὑ
241 2323 354 2371 naturas
374 2316 512 2385 subiectas
533 2319 646 2374 scrhoto
667 2317 739 2374 istuu
767 2317 920 2390 intelligen-

134 2403 197 2457 dorn
214 2412 265 2458 est.

163 2490 251 2550 Alii.
266 2493 383 2551 Pulchre
394 2496 474 2554 dicis.
1004 2498 1094 2553 auor.
1110 2496 1208 2562 Καλῶς
1226 2496 1328 2565 λέγεις.

162 2582 300 2641 CHRIST.
324 2586 386 2643 ron
401 2589 651 2659 nootsattqurnrtn
679 2590 809 2660 cantice,
837 2593 920 2649 etiam
1005 2589 1119 2645 ΧΡΙΣΤ.
1137 2589 1251 2657 Γέγονεν
1278 2590 1345 2658 ἡμῖν
1364 2603 1445 2652 ποτε,
1470 2578 1614 2654 ὧέταῖρε,
1633 2585 1687 2638 καὶ
1703 2584 1765 2655 περ)

135 2679 167 2732 te
190 2676 333 2747 principati
358 2689 386 2734 οι
412 2680 489 2735 berta
514 2678 649 2737 Trtnttote
668 2696 780 2738 sermo:
807 2693 920 2740 erroro
969 2681 1019 2753 τῆς
1032 2680 1148 2752 ἀρχικῆς
1161 2681 1208 2734 καὶ
1224 2679 1485 2750 μακαρίαςθοιέδοτ
1502 2677 1602 2746 λόγος·
1624 2679 1677 2733 καὶ
1689 2677 1764 2750 (ξένε

134 2766 309 2837 philosophus
320 2769 472 2837 postoiabat
483 2772 564 2837 scire,
586 2787 641 2840 quo
653 2783 732 2841 pacto
753 2774 878 2830 eamdem
894 2783 922 2831 et
972 2772 1119 2845 μανθάνειν
1134 2775 1149 2827 ό
1165 2773 1320 2842 φιλόσοφος,
1331 2773 1406 2835 ὅπως
1420 2770 1470 2841 τὴν
1483 2771 1582 2839 αὑτὴν,
1595 2771 1649 2824 καὶ
1662 2770 1765 2842 Τέῑύθ11

135 2857 296 2914 Trinitatem
311 2868 339 2913 et
354 2860 486 2914 unitatem
499 2876 559 2916 esse
579 2863 755 2919 dixeramus:
778 2865 835 2921 haec
848 2868 920 2921 enirn
971 2863 1060 2934 φαμέν
1076 2859 1145 2917 εἶναι
1159 2862 1206 2916 roi
1221 2861 1341 2931 μονάδα·
1357 2860 1506 2931 άξύμθατα
1519 2860 1576 2930 γάρ
1591 2877 1658 2923 πως
1670 2859 1765 2927 saepes

135 2965 186 3006 noo
201 2948 419 3005 esseniiomodo
435 2963 616 3007 consentanea
632 2956 842 3025 pronuntiabat.
865 2957 921 3028 Ego
971 2949 1040 3008 siner
1063 2953 1159 3009 ταῦτα.
1188 2952 1259 3020 Ἐγὼ
1281 2953 1309 3005 at
1325 2951 1393 3021 πρός
1417 2950 1515 3004 αὑτόν·
1542 2950 1655 3020 Τριάδα
1675 2950 1765 3021 φαμέν

135 3049 224 3096 nortem
251 3043 286 3097 ad
310 3042 420 3110 ipsum:
455 3042 616 3098 Trinitatem
641 3046 757 3103 dicimos
779 3062 851 3112 esse,
883 3049 918 3103 nri
971 3040 1189 3114 εἶναιπύιφῐλος,
1206 3048 1234 3104 έν
1252 3045 1356 3115 μονάδι,
1371 3044 1419 3097 κα)
1433 3042 1534 3114 μονάδα
1548 3044 1578 3095 έν
1594 3040 1764 3112 spicer-op

133 3130 296 3194 Christiane,
321 3131 348 3186 itt
370 3132 486 3198 unitate,
509 3143 537 3188 et
557 3135 687 3192 unitatem
713 3137 740 3192 in
768 3138 917 3207 Trinitas,
933 3109 954 3168 c
970 3136 1019 3201 τὰς
1038 3137 1087 3206 μὲν
1108 3136 1270 3199 ὑποστάσεις
1288 3136 1362 3205 τρεῖς
1383 3130 1463 3197 εἶναι,
1479 3131 1527 3202 τὴν
1542 3131 1571 3185 δὲ
1593 3131 1697 3185 οὐσίαν
1715 3131 1765 3202 μθ·

135 3231 278 3290 propterea
290 3226 361 3292 quod
379 3225 539 3295 hypostases
554 3227 664 3296 quidem
680 3239 736 3285 tres
750 3240 823 3296 sont,
840 3233 918 3288 unica
970 3244 1030 3298 νην·
1062 3228 1094 3280 Ἢ
1117 3228 1171 3297 (ἂρ
1195 3226 1264 3297 &eti
1292 3225 1347 3278 τῶν
1369 3225 1456 3278 θέτω(
1475 3226 1492 3295 h
1513 3225 1695 3294 ἴονῑμωῗθῖθ
1714 3223 1765 3292 θ’θ’·

134 3320 224 3364 autern
240 3312 371 3368 essentia.
393 3311 460 3368 h'arn
475 3315 636 3387 principium
666 3333 757 3373 rerum
783 3319 921 3378 iecutniis-
971 3337 1013 3381 σις
1030 3318 1096 3387 (ta),
1124 3321 1141 3389 ἡ
1166 3318 1281 3386 άφθονος
1308 3317 1587 3387 άγαθότης,ήπν,γὴ
1609 3316 1665 3386 τῆς
1679 3316 1764 3388 ζωῆς,

135 3402 204 3458 'sirm
216 3412 258 3458 est
272 3415 382 3471 natura,
400 3407 508 3462 invitine
522 3423 621 3479 expers
636 3409 755 3476 bonitas,
771 3410 832 3467 ione
848 3413 919 3477 vita,
970 3409 1001 3462 τό
1013 3409 1105 3480 νοερὸν
1118 3409 1185 3478 φῶς,
1199 3409 1264 3462 αὐτό
1277 3410 1396 3477 τάγαθὸν
1411 3410 1458 3462 καὶ
1473 3410 1513 3474 ἓν,
1527 3411 1545 3475 h
1561 3408 1665 3482 πρώτη
1676 3410 1764 3476 «Μαι

135 3492 287 3565 inteiligens
302 3494 403 3563 iumen,
418 3495 506 3566 ipsum
518 3513 655 3554 sumntum
669 3500 769 3555 honum
784 3515 812 3557 et
825 3517 919 3570 onurn,
970 3500 985 3552 ό
1001 3499 1049 3567 ὢν,
1063 3502 1109 3555 ιιοὺ
1120 3501 1150 3553 τό
1163 3500 1248 3562 όντως
1262 3488 1302 3563 in,
1318 3502 1363 3556 καὶ
1380 3502 1424 3556 iret
1434 3500 1565 3564 ὡσαύτως
1578 3500 1656 3571 έχον,
1673 3496 1765 3574 οἶσθ)

135 3582 221 3652 prima
234 3599 315 3640 cansa
331 3584 388 3654 ipse
401 3587 446 3655 otri
462 3596 516 3652 est,
539 3589 666 3659 qnodque
679 3605 743 3646 rere
761 3599 814 3656 est,
835 3592 921 3661 qood·
971 3590 1044 3657 νοῦς,
1066 3589 1115 3643 καὶ
1140 3590 1236 3660 Πατὴρ
1260 3591 1346 3658 Λόγον
1361 3591 1505 3660 γεννήσας,
1532 3589 1563 3642 οὑ
1578 3591 1765 3666 προφορικόν,

133 3687 307 3744 quesemper
319 3690 349 3731 se
360 3677 456 3731 οοὺαιιν
469 3677 548 3733 modo
559 3679 658 3735 hahet:
673 3695 738 3737 saone
750 3681 920 3748 reinttoens,
971 3680 1025 3735 οὐδ’
1040 3679 1075 3735 αὑ
1093 3679 1255 3746 ἐνδιάθετον,
1272 3681 1331 3734 όιλλ·
1352 3681 1468 3751 οὑσιόιόιχ
1484 3696 1514 3733 τε
1539 3679 1586 3732 καὶ
1610 3681 1768 3737 ένυπόστσ-

134 3771 163 3819 et
178 3762 259 3820 Pater
273 3764 392 3822 Verbum
408 3781 543 3836 generans
561 3784 614 3825 ιιοο
632 3771 843 3838 pronontiahiie.
869 3787 919 3828 ne·
971 3789 1026 3832 τον,
1046 3771 1093 3825 καὶ
1114 3772 1164 3839 τῆς
1184 3772 1270 3842 αὑτῆς
1285 3772 1380 3834 sinin<
1398 3773 1489 3844 αὐτῷ·
1504 3772 1534 3839 έξ
1549 3774 1640 3828 otiien
1662 3792 1696 3828 τε
1724 3775 1769 3829 κε)

132 3870 188 3926 que
214 3871 323 3911 rursum
351 3857 499 3923 internum,
527 3858 573 3915 set!
588 3860 768 3917 substantiale
788 3874 817 3916 et
838 3862 866 3917 itt
891 3876 921 3918 se
972 3861 1105 3925 συναῖόιος
1120 3856 1164 3915 οἷα
1178 3862 1227 3932 τῆς
1252 3862 1416 3931 σύτῆςθντα
1434 3866 1561 3934 θεότητος
1577 3865 1669 3936 αύτῷ,
1685 3869 1770 3937 ούτῇ

132 3949 297 4014 consistens,
322 3949 497 4018 eiusdemque
512 3963 574 4004 corn
598 3950 657 4020 ipso
676 3951 857 4007 substantiae:
885 3952 921 4006 ah
971 3951 1137 4013 ὑποστάσει,
1160 3954 1193 4022 τῇ
1213 3951 1293 4022 nisis
1307 3952 1351 4015 δέ,
1369 3954 1417 4007 καὶ
1438 3955 1536 4025 έτέραν
1560 3956 1722 4011 ὑπόστασιν
1741 3958 1771 4022 ἐξ

132 4046 238 4093 aetcroo
260 4046 288 4093 et
311 4050 491 4105 coaeternum,
515 4040 614 4110 qnippe
629 4042 749 4110 eltrudem
773 4057 836 4097 com
861 4043 920 4114 ipso
971 4041 1057 4096 άῐόόου
1082 4040 1315 4112 πραόαλλόμενος,
1332 4041 1477 4112 όμοοὺσιον
1500 4043 1576 4113 αὐτῷ
1593 4061 1628 4099 τε
1653 4048 1706 4101 καὶ
1731 4047 1771 4119 τῷ

133 4128 256 4198 deitatis,
271 4143 325 4186 non
341 4130 451 4199 qoroem
466 4131 675 4200 1ιγροσιοεί,εοὺ
692 4133 845 4188 snhstantia
861 4151 868 4187 :
893 4145 922 4190 et
971 4133 1066 4202 Λόγῳ·
1081 4133 1096 4186 θ
1113 4132 1145 4202 δὴ
1160 4133 1272 4204 Πνεῦμα
1284 4132 1361 4199 άγιον
1375 4135 1409 4187 τά
1424 4134 1484 4187 θεῖα
1500 4134 1578 4188 καλεῖ
1594 4135 1697 4205 λόγια,
1712 4139 1772 4208 ἅμα

134 4219 215 4301 atiani
231 4219 392 4290 hypostasin
410 4221 445 4273 ab
458 4232 560 4274 aetcrno
576 4222 729 4289 prortoceos
742 4224 792 4278 sihi
810 4224 873 4292 ipsi,
893 4233 922 4280 et
971 4227 1004 4295 τῇ
1020 4224 1067 4277 τοὺ
1086 4224 1173 4292 Λόγου
1198 4225 1245 4277 καὶ
1272 4225 1337 4278 tini
1357 4227 1471 4294 καὶτῆς
1495 4227 1598 4294 Σοφέας
1624 4223 1771 4300 γεννήσει,

133 4307 225 4365 Verbo
247 4310 620 4381 corisuhstaotiaiernzqoem
634 4327 699 4365 sanc
711 4312 840 4381 Spiritum
853 4329 916 4368 sao·
972 4312 1057 4383 χωρίς
1078 4330 1148 4376 τινος
1175 4315 1310 4382 ρεύσεως,
1332 4319 1379 4370 καὶ
1409 4318 1507 4389 τομῆς,
1531 4319 1579 4372 καὶ
1605 4319 1770 4386 κενώσεως.

133 4409 208 4454 etum
227 4400 315 4452 divina
330 4409 425 4453 vocant
441 4398 561 4466 oracoia,
587 4400 669 4453 simui
682 4416 734 4454 nna
752 4418 814 4456 cunt
841 4402 919 4458 Verbi
936 4435 959 4490 D
973 4402 1066 4456 Ταῦτα
1081 4404 1136 4474 γάρ
1151 4407 1285 4474 σωμάτων
1303 4408 1470 4479 παθήματα·
1488 4410 1558 4478 ὑπὲρ
1572 4411 1665 4465 αἰῶνα
1677 4430 1710 4466 τε
1723 4414 1772 4467 asi

134 4499 162 4544 et
182 4487 243 4544 Fiiii
263 4498 345 4558 atque
365 4489 512 4558 Sapientiae
528 4491 716 4559 generatione,
743 4493 848 4561 absone
865 4494 919 4548 ιιΙΙο
974 4492 1147 4564 χρόνον,καὺ
1168 4497 1223 4548 πᾶν
1235 4497 1374 4569 διάστημα
1399 4501 1517 4553 νοεῖσθαι
1539 4501 1708 4572 δυνάμενον,
1730 4499 1772 4570 εἷς

134 4579 208 4636 horu
225 4582 384 4637 etscctione
400 4592 428 4638 et
451 4582 648 4638 exinanitione.
672 4582 747 4653 (iiaec
772 4585 843 4639 enirn
857 4596 921 4642 sunt
974 4586 1033 4638 έστι
1053 4585 1122 4654 μετά
1142 4586 1188 4640 τοῦ
1206 4587 1293 4655 Λόγου
1310 4593 1357 4642 καὶ
1379 4592 1551 4663 Δημιουργού
1568 4592 1618 4645 καὶ
1642 4595 1699 4664 τῆς
1720 4597 1772 4652 Σι-

133 4687 278 4743 corporum
292 4673 471 4744 affectiones.)
494 4672 581 4744 Supra
596 4688 694 4736 tntum,
716 4684 744 4730 et
768 4685 876 4744 temptas
892 4685 921 4731 et
973 4674 1037 4745 φίας
1058 4676 1166 4733 καὶτοῦ
1183 4677 1255 4732 θείου
1274 4681 1442 4751 Πνεύματος,
1465 4685 1559 4746 ὼς-εὑς
1572 4684 1665 4738 αἴτιον
1684 4689 1771 4742 αὑτὸν

133 4766 348 4834 omnespatiutn
364 4765 538 4836 quodanirrto
558 4765 651 4835 agitari
671 4765 770 4832 vatent,
795 4776 921 4822 ttttuseei
973 4768 1198 4837 ἀναφερομένων·
1219 4770 1265 4824 τοῦ
1291 4773 1341 4841 μὲν
1365 4775 1548 4844 γεννητικῶς,
1567 4774 1616 4828 τοῦ
1640 4777 1670 4830 δέ
1698 4796 1770 4850 προ·

133 4873 195 4914 cunt
214 4857 302 4915 Verbo
322 4871 350 4914 et
362 4857 476 4929 Opissce,
491 4869 519 4917 et
542 4857 694 4929 Sapientia,
707 4869 735 4915 et
750 4858 842 4914 divino
859 4857 921 4929 Spi·
973 4859 1069 4922 οθιιιιῖις
1088 4860 1159 4928 (te),
1174 4859 1262 4915 εύτουν
1277 4865 1488 4934 έκπορευτικῶς.
1512 4865 1597 4936 Εἴπερ
1620 4867 1713 4937 Σοφία
1739 4889 1771 4927 ss

182 4981 216 5035 itt
241 4980 298 5035 Ούκ
315 4980 536 5050 interposuimus.
554 4978 621 5034 Tan.
969 4978 1124 5033 Ahttcoranr
1140 4979 1229 5034 iiheilo
1244 4982 1315 5052 Πρός
1330 4985 1376 5036 τόν
1392 4984 1440 5038 τοῦ
1454 4984 1554 5056 δρόμου
1587 4985 1727 5059 Ἐμέσης,
1743 4999 1771 5046 es

181 5051 215 5105 tr
247 5051 275 5106 ht
298 5067 371 5106 orari.
394 5050 508 5120 Angiico
531 5050 692 5120 tegebaturs
709 5049 733 5102 si
754 5046 833 5120 ὑὴού
857 5065 916 5105 σον.
970 5049 1043 5101 aiihi.
1062 5047 1110 5100 Ba.
1557 5053 1563 5061 ·

135 5121 203 5179 Duc.
1005 5115 1061 5182 (ιθ)
1078 5115 1283 5174 Ειινοοόονίιιιιιε
1301 5136 1332 5173 es
1350 5122 1433 5190 hegio
1445 5123 1631 5191 rnornrseripto
1648 5126 1684 5181 11.
1705 5128 1728 5182 ΙΙ
1743 5138 1770 5183 et

171 5190 228 5263 tte)
246 5189 471 5247 Genernrrtissioto
489 5198 597 5242 natura.
620 5187 657 5241 De
673 5186 806 5240 Trinitate
830 5186 917 5241 diuina
968 5185 1092 5252 Angiico,
1109 5185 1157 5239 τοῦ
1175 5187 1224 5255 μέν
1239 5189 1400 5258 προοὺικιῖις,
1428 5208 1489 5247 οιιιιι
1514 5195 1628 5248 esserto
1642 5197 1768 5253 editione

134 5261 221 5316 instar
242 5264 362 5316 ornrriom
385 5260 441 5314 sint
466 5257 560 5313 liiiarii
589 5255 666 5321 iibri,
689 5259 743 5311 sint
770 5257 919 5310 Athanasio
970 5255 1034 5308 Tar.
1046 5255 1222 5323 προτοόικώς.
1237 5256 1282 5311 Sic
1295 5262 1327 5310 tte
1344 5261 1684 5329 Spiritnsooetoioqnitnr
1696 5267 1769 5321 Cori·

133 5331 258 5394 ascripti,
273 5333 328 5383 sint
340 5344 400 5397 ortae
411 5340 505 5383 contra
517 5328 632 5391 Arianos
645 5327 813 5393 scripserunt
830 5325 917 5381 Graeci
969 5322 1060 5376 ciiirno
1087 5322 1108 5375 F
1110 5326 1269 5378 torentinnrn
1291 5344 1359 5381 sess.
1385 5331 1430 5392 θθ,
1445 5347 1471 5398 p.
1486 5332 1537 5384 tot
1552 5334 1685 5387 editionis
1711 5336 1767 5390 Ro·

133 5398 280 5467 Latinique
302 5400 405 5459 Patres,
432 5399 485 5452 sint
513 5413 574 5466 otras
596 5405 689 5451 contra
704 5394 812 5450 tortaeos
827 5395 915 5449 ontnis
969 5405 1056 5444 maure
1073 5409 1080 5443 ι
1099 5393 1180 5443 Ὥστε
1200 5395 1249 5462 τὴν
1264 5395 1340 5458 τάξιν
1360 5399 1410 5468 τῆς
1425 5403 1539 5471 προόδου
1564 5402 1644 5457 οὐδὲν
1669 5404 1766 5475 ἕτερον

134 5467 222 5523 aratis
246 5477 371 5521 sanctores
393 5474 421 5522 et
445 5476 616 5530 tractatores,
632 5465 714 5518 etiarn
739 5480 797 5532 oriae
824 5475 914 5530 poste·
970 5454 1071 5526 εἶναι)
1094 5461 1239 5528 πρόστυποι
1260 5464 1353 5533 ἕτερον
1371 5470 1400 5533 ἑξ
1416 5472 1511 5539 έτέρου
1535 5471 1693 5540 inpetrasse
1718 5474 1766 5542 ἀφ’

136 5533 430 5593 riorurGrnrteonnn
448 5538 602 5590 Saracenos
620 5535 835 5603 disputaverunt,
856 5533 914 5586 the·
967 5521 997 5580 ού
1021 5528 1080 5580 ἐστι
1096 5545 1103 5580 :
1120 5528 1161 5580 tro
1186 5542 1215 5582 ut
1241 5535 1417 5596 productionis
1445 5545 1508 5592 ortis
1533 5542 1602 5593 nihii
1629 5545 1709 5596 oir'nd
1730 5548 1764 5595 rit

134 5598 208 5675 sauri
225 5603 405 5667 unrrtinhonae
420 5607 559 5660 tioctrirue.
582 5603 696 5658 Pulchra
721 5601 913 5655 tictttonstt'atio
966 5611 1046 5661 quatra
1071 5613 1149 5648 rrrtnrrt
1170 5615 1305 5664 personent
1329 5621 1383 5658 erse
1398 5624 1430 5659 ee
1453 5609 1516 5673 otta,
1533 5620 1558 5662 et
1582 5623 1711 5665 naturam
1729 5613 1762 5666 «ὁ

134 5680 253 5753 priuato
276 5670 341 5747 θέοι,
365 5672 460 5731 ύιιιιιὺο
484 5672 636 5739 Trinitatis,
652 5671 721 5744 ιιμιιό
741 5668 911 5726 Theodorum
965 5681 995 5719 eo
1006 5680 1081 5732 σιμιυ
1096 5675 1133 5718 ert
1146 5684 1268 5735 οιϊιμενε.
1283 5671 1346 5726 huc„
