3817 6075
129 374 182 444 dib
726 378 864 438 uastum
883 377 1153 440 subeuntuusls
1702 369 1755 433 tlt

131 489 190 542 lusa
203 483 272 540 uuor
287 485 441 542 delebuntur
467 501 546 555 usque
563 486 598 538 ad
621 487 868 540 consummationem
882 486 915 541 ¹⁷.
932 495 953 548 Α
968 488 1053 551 δαίοις
1066 486 1231 556 καταλειφθῇ
1246 481 1456 544 seeundum
1468 480 1557 534 αὐτῶν
1568 483 1755 552 nurerum}-

130 577 233 648 201'
247 579 257 601 ⁶
269 579 278 601 ⁸
292 575 344 633 Per
357 577 445 631 lartum
460 579 542 631 anirui
556 576 645 630 'iilum
661 577 781 645 loquitur
796 580 916 634 addens:
968 581 1051 649 dquzr
1061 583 1074 633 ὁ
1084 580 1210 648 ἄγγελος·
1220 577 1284 632 Ἔτ’
1293 572 1451 644 ἀφανισμῷ
1462 574 1517 639 ἕως
1529 576 1754 639 συν·τε.ίείας·“.

132 667 168 722 m
186 661 343 722 libaminum
363 669 524 721 exterminii.
541 665 629 737 thue
648 669 738 723 serbis
758 669 818 739 plns
835 671 918 725 addat
959 660 1010 713 Tit
1018 664 1058 717 δὲ·
1068 666 1169 735 λάτριν
1183 664 1230 717 τοῦ
1241 663 1327 733 θυμοῦ
1337 662 1415 714 Τίτον
1431 662 1505 729 λέγει
1518 662 1573 731 (30)
1586 663 1753 734 προστιθεὶς.

133 758 251 822 roboris.
263 759 376 813 resumit
390 757 513 825 augelus,
525 773 584 825 qum
597 759 631 811 οιί
644 757 839 813 hebdomadem
857 776 918 829 pur·
968 754 1021 809 Καὶ
1039 754 1176 821 σπονδῆς
1187 755 1237 809 da·
1248 753 1430 821 ἀφανισμοῦ.
1453 752 1517 805 Ἐπί
1530 752 1558 804 δὲ
1573 750 1694 813 πλείονος
1710 752 1755 820 βε-

134 846 218 901 tinent
231 855 259 900 et
271 846 304 899 ati
318 844 458 900 dimidium
475 846 662 911 trebdomudm,
683 846 815 915 adjiciens
831 848 916 903 bisto-
968 844 1108 910 ὕαιὼσεως
1121 844 1342 915 ὲπαναλαμοὰνει
1356 842 1496 911 ὀᾱγγελος
1507 843 1554 893 καὶ
1569 841 1603 895 τὰ
1614 842 1663 910 τῆς
1677 842 1754 894 ema-

133 936 201 991 riam
216 937 250 991 de
272 936 400 1004 imagine,
423 948 504 1003 quam
523 935 549 989 io
570 937 670 1006 templo
686 947 782 990 sancto
798 938 916 1005 ipsorum
969 936 1062 1005 μαῑσς,
1080 937 1127 990 καλ
1143 936 1177 989 τὰ
1198 934 1245 988 τοῦ
1260 936 1375 1005 ἡμίσους
1389 934 1439 1003 τῆς
1454 932 1611 1002 ἐοδομίιδος,
1625 932 1755 1002 προσθείς

133 1028 287 1091 constituit,
304 1037 386 1095 utque
402 1026 574 1091 adoraretur,
593 1028 718 1095 proiecit.
736 1027 793 1082 lioe
805 1029 877 1082 enim
890 1039 919 1083 ot
968 1025 1032 1097 aspi
1054 1028 1101 1080 τοῦ
1128 1028 1282 1098 ἀνδριάντος
1300 1026 1367 1096 (bl),
1387 1025 1473 1095 ὅνπερ
1488 1025 1516 1076 ὲν
1538 1024 1577 1094 τῷ
1593 1023 1648 1092 ναῷ
1664 1022 1755 1077 αὐτῶν

133 1117 361 1172 abominationem
389 1116 586 1171 desolationum
616 1126 761 1172 voraverat
788 1119 916 1186 ιιιιμαίιιας
967 1118 1006 1188 τῷ
1024 1119 1093 1188 ἁγίῳ
1105 1119 1261 1188 rabidosos,
1279 1117 1326 1169 καί
1343 1116 1504 1185 προσκυνεῖν
1518 1115 1616 1177 αὐτοὺς
1630 1115 1753 1185 εποίησε.
1791 1183 1793 1189 Ι

131 1208 196 1277 qnia
214 1208 267 1263 lroe
285 1209 434 1262 abominati
453 1220 517 1264 sum
535 1210 679 1279 aliqnando
694 1210 807 1264 desolati
821 1208 916 1266 irritari.
969 1209 1053 1261 Τοῦτο
1067 1209 1120 1278 γὰρ
1132 1207 1179 1260 καλ
1193 1206 1332 1277 βδέλυγμα
1346 1205 1400 1257 τῶν
1416 1202 1583 1276 ἐρημώσεων
1601 1204 1754 1257 triturari

132 1297 189 1354 ttae
203 1300 275 1355 enim
295 1300 492 1355 desolationem
507 1302 624 1367 vocarit,
644 1300 871 1371 quemadmodum
891 1312 919 1358 et
968 1300 1092 1367 ἄγγελος.
1108 1300 1148 1351 ὄτι
1164 1297 1244 1349 τοῦτο
1259 1295 1449 1349 ἐὃδελὺσσοντό
1468 1310 1534 1347 ποτε
1555 1294 1579 1346 oi
1594 1294 1751 1364 ἐρημωθέν-

133 1388 192 1455 ipse
211 1388 334 1443 Salvator
348 1389 381 1443 de
402 1403 434 1445 ea
453 1392 560 1444 loeutus
572 1399 615 1444 est
632 1390 720 1445 :liunt
742 1397 831 1444 autem
847 1391 919 1445 ride·
967 1406 1014 1453 τες
1033 1389 1164 1443 Ἰουδαῖοι.
1184 1388 1270 1442 Τοῦτο
1283 1386 1339 1457 γὰρ
1354 1386 1494 1455 ἐρήμωσιν
1517 1384 1639 1447 ἐκάλεσε,
1661 1385 1754 1449 καθὼς

132 1481 191 1533 ritis
216 1481 438 1534 abominationem
460 1480 641 1545 desolationis,
668 1498 727 1551 qua
749 1483 821 1534 dicta
839 1490 878 1535 est
902 1499 918 1535 α
969 1486 1016 1538 καλ
1030 1484 1111 1547 αὐτὸς
1130 1484 1145 1535 ὁ
1163 1481 1259 1551 Σωτὴρ
1274 1479 1339 1549 περί
1353 1478 1446 1530 τούτου
1468 1476 1576 1545 ἔλεγεν·
1592 1478 1685 1529 Ὅταν
1705 1479 1754 1531 καί

132 1571 244 1626 Daniele
259 1574 397 1640 propbeta,
414 1581 526 1626 stantem
539 1574 567 1627 in
583 1572 640 1626 loco
655 1583 749 1627 sancto
762 1572 796 1637 ¹¹,
810 1573 918 1639 scitote,
969 1573 1052 1641 ldqra
1065 1572 1098 1626 τὸ
1110 1571 1268 1639 βδέλυγμα
1281 1567 1336 1636 τῆς
1347 1567 1522 1635 ἐρημώσεως
1537 1566 1601 1636 lbi),
1616 1565 1650 1621 τὸ
1660 1567 1756 1634 ,dn-tir

131 1664 195 1731 quia
210 1676 294 1733 prope
308 1672 351 1718 est
370 1652 503 1718 desolatio
527 1664 622 1732 ipsius.
648 1664 812 1733 Signilleans
828 1672 917 1717 antem
968 1664 1016 1718 διὰ
1026 1664 1137 1730 Δανιὴλ
1146 1662 1199 1716 τοῦ
1209 1659 1374 1730 προφήτου,
1383 1658 1599 1724 ἕσταιὲντόπῳ
1607 1659 1679 1728 ἁγίῳ
1687 1658 1754 1728 (53),

132 1753 245 1824 angelus
267 1755 376 1823 qnando
393 1768 425 1810 ea
448 1754 515 1823 ipsis
537 1764 630 1810 essent
649 1751 810 1818 obventura,
835 1751 917 1807 rerba
969 1753 1117 1824 γινώσκετε
1127 1754 1168 1805 ὅτι
1187 1752 1329 1824 ἡγγικινή
1344 1751 1483 1819 ἐρήμωσις
1498 1749 1594 1819 αὐτῆς.
1610 1748 1755 1819 Σημαίνων

133 1846 244 1901 iterat:
272 1843 358 1914 ilique
385 1848 419 1900 ad
443 1846 693 1901 consummationem
724 1853 869 1914 temporum
896 1853 919 1899 et
935 1837 1001 1899 bes
1022 1844 1165 1912 ὁαγγελος
1181 1842 1233 1906 ἕως
1251 1841 1316 1895 τότε
1339 1840 1465 1897 ἔσταιτᾶ
1489 1841 1553 1910 aspi
1576 1840 1684 1903 αὐτοὺς,
1710 1838 1757 1892 καὶ

132 1936 211 2003 linens
223 1936 394 2008 perseueraltit
406 1936 545 1991 desolatio.
564 1935 596 1989 Et
609 1936 654 1990 bie
670 1935 918 1989 consummationem
970 1934 1048 1988 τοῦτο
1071 1932 1193 2003 δευτεροί
1220 1930 1326 1999 λέγων,
1341 1930 1418 1995 Ἕως
1443 1929 1622 1994 συντελείας
1652 1926 1757 1993 καιροῦ

133 2025 251 2095 appellat
266 2025 375 2082 iudaeos
399 2026 545 2082 desolatos.
566 2026 679 2093 oriundo
696 2027 768 2082 enim
787 2024 919 2081 ieremias
972 2024 1132 2079 narsitem
1146 2021 1306 2089 δοθήσεται
1323 2019 1372 2073 dal
1387 2021 1446 2089 τὴν
1463 2018 1630 2089 ἐρήμωσιν·
1648 2016 1758 2071 συντέ·

133 2116 261 2183 predixit
277 2117 396 2185 priorem
411 2124 491 2172 aetate
512 2115 788 2171 Nubncborlonosorts
803 2115 919 2183 captiui·
969 2122 1056 2172 ,ίειαν
1071 2118 1118 2170 καί
1136 2116 1253 2169 ἐνταῦθα
1272 2114 1362 2168 καλῶν
1388 2115 1450 2177 τοὺς
1476 2112 1669 2184 ἑρημωίέντας
1689 2114 1758 2165 'lao-

134 2216 229 2272 tutem,
249 2215 355 2277 tempus
370 2223 479 2278 quoqne
493 2208 633 2263 reditionis
650 2207 702 2262 illis
716 2207 918 2262 manifestavit:
970 2209 1071 2271 δείους.
1097 2207 1206 2277 Ἐπειδὴ
1221 2207 1276 2277 γὰρ
1293 2204 1381 2277 [περί]
1395 2206 1447 2274 τῆς
1463 2205 1599 2275 προτέρας
1619 2206 1755 2273 αίχμαλω·

134 2296 246 2363 Quersdo
259 2296 378 2366 completi
389 2299 487 2365 luerint
500 2299 666 2367 septuoqr'nta
683 2300 747 2353 areni
763 2298 917 2368 Babylonis.
972 2301 1032 2363 σίας
1045 2300 1094 2368 τῆς
1108 2300 1152 2351 'sai
1165 2297 1401 2367 Ναὸουχοδονὸσσρ
1418 2295 1553 2365 Ἱερεμίας
1568 2294 1757 2365 προφητεύων,

133 2386 317 2457 drelraugelus
346 2398 436 2442 autom
458 2387 577 2453 Gabriel,
602 2403 635 2442 oe
655 2397 758 2445 temero
779 2399 872 2443 essent
892 2389 919 2444 io
971 2391 1019 2443 κοιλ
1033 2390 1078 2441 τὸν
1089 2388 1185 2459 >erupis
1200 2388 1249 2458 τῆς
1262 2386 1393 2439 ἐπανόδου
1409 2384 1646 2454 ίιλίιλωσενμύτοῖς
1660 2383 1755 2437 strubi·

133 2477 458 2547 οιτμοαιιιιὶοιιο,ιιιιίίοιιι
470 2477 522 2533 illis
534 2493 608 2549 spem
623 2478 753 2549 reliquam
771 2477 845 2545 lecit,
856 2479 918 2534 dum
971 2479 1064 2533 Ὅταν
1079 2476 1222 2548 atomum}
1240 2476 1385 2532 saresbr
1402 2475 1607 2547 ἑὸδομιὶκοντα
1621 2476 1672 2545 ἔτη
1688 2476 1756 2545 liri).

168 2652 190 2686 ¹⁷
205 2650 273 2707 Dan.
288 2667 325 2719 rs,
337 2638 382 2708 τί.
422 2652 443 2685 ¹⁸
453 2650 549 2709 ilattb.
563 2668 638 2719 sxrr,
652 2652 695 2709 15.

748 2802 803 2863 CL.
823 2804 1010 2874 nsusutun
1028 2804 1142 2862 NOTAE.

132 2993 238 3056 peteret
255 2984 361 3039 divinos
382 2985 508 3048 bonores,
530 2985 576 3053 qni
593 2986 733 3040 victoriam
760 3000 835 3040 snam
863 2987 917 3041 boo
969 2986 1018 3043 sod
1037 2986 1064 3041 in
1093 2986 1187 3041 urbem
1202 2985 1272 3040 lurto
1289 2986 1374 3042 noetis
1386 2985 1546 3048 submissas,
1569 2995 1595 3041 et
1616 2985 1643 3041 io
1661 3000 1759 3055 propa·

134 3055 288 3109 tribuebat?
308 3053 441 3123 iosrplms
462 3056 510 3110 lib.
528 3071 565 3119 ιι,
585 3071 646 3122 eap.
665 3057 711 3119 db,
728 3056 810 3110 retest
828 3056 917 3110 Titum
969 3057 1025 3112 tulo
1041 3058 1178 3124 expositas
1196 3072 1278 3110 :rrum
1293 3057 1467 3110 illucescente
1481 3057 1525 3110 die
1538 3056 1572 3111 iis
1586 3057 1643 3110 sire
1664 3058 1756 3125 insagi-

132 3125 186 3189 jum
203 3126 294 3178 urbem
307 3124 457 3192 ingressum
467 3124 594 3178 demirari
606 3128 721 3194 coeptse
738 3126 914 3189 rrumimeuta,
968 3127 1058 3189 ruilurs,
1079 3130 1136 3179 sire
1147 3127 1231 3194 signis
1258 3127 1322 3180 risis
1343 3126 1466 3193 pererslsa
1483 3127 1558 3194 plebs
1572 3140 1676 3179 sumina
1694 3142 1756 3179 σιιιιι

134 3198 269 3256 uulneres,
287 3208 433 3261 eanrruquo
448 3193 561 3247 solidam
586 3197 812 3263 errrnpoctiouunr,
827 3196 918 3247 lutun-
967 3197 1120 3249 animorum
1134 3195 1329 3250 ‘observatione
1351 3206 1378 3249 et
1398 3195 1534 3263 religionis
1559 3197 1756 3262 siqrriliratione

134 3261 236 3324 dinem,
250 3260 471 3332 ntaqtuitudtaem.
484 3272 540 3315 tum
554 3264 610 3317 bne
624 3265 778 3318 elocutum:
792 3264 845 3316 Σὺν
856 3263 917 3333 Θεῷ
968 3265 1092 3332 perfecit,
1112 3275 1141 3317 ut
1162 3264 1358 3332 llierosolymis
1381 3263 1483 3318 Pilutus
1506 3267 1689 3332 exportarsdns
1708 3280 1756 3318 ou·

37 3382 40 3386 .
133 3329 162 3423 ’μ’
177 3331 528 3404 ὲπολεμὴσαμεν,κιιιθείς
538 3328 571 3402 ἦν
582 3335 596 3386 ὁ
609 3333 692 3387 τῶνδε
707 3333 760 3386 τῶν
772 3334 916 3405 ἐρυμάτων
968 3343 1050 3387 rarat.
1065 3334 1098 3387 ur
1115 3332 1192 3388 Plrilo
1208 3349 1260 3388 troo
1274 3334 1350 3400 siqua
1364 3345 1427 3387 trrrrc
1445 3335 1470 3386 iu
1491 3337 1585 3387 urbem
1610 3338 1755 3402 importata

148 3399 284 3466 Ιονδαίονς
303 3401 437 3464 καθελὼν,
451 3401 511 3454 ἐπεὶ
526 3403 614 3474 χεῖρές
626 3419 656 3455 τε
674 3401 851 3471 ἀνθρώπωνῆ
866 3419 917 3471 μη·
968 3404 1073 3467 scribit,
1088 3406 1135 3456 sod
1149 3403 1269 3471 clypeos,
1292 3405 1392 3472 quibus
1406 3416 1495 3455 turuou
1512 3404 1642 3472 principis
1657 3404 1750 3456 uitelli·

132 3470 216 3542 χανσί
227 3487 252 3523 τι
270 3472 337 3542 πρὸς
353 3471 462 3534 τούτους
478 3470 540 3534 τοὺς
568 3471 688 3542 πύργους
705 3473 849 3526 δύνανται·
868 3471 917 3524 liri
967 3486 1014 3539 ges
1034 3474 1174 3542 lanugines.
1193 3473 1275 3524 Porro
1291 3473 1393 3526 ιιιιίίιιιιι
1410 3473 1527 3543 siguum,
1543 3475 1644 3527 urdlum
1657 3474 1752 3540 innaui-

133 3539 294 3610 opedeilmn
311 3541 446 3610 persinrus.
465 3550 489 3593 ιι
507 3541 574 3593 lterss
600 3552 666 3601 erret.
689 3544 732 3612 qrri
753 3540 862 3594 lordruos
886 3542 918 3592 de
969 3553 1179 3601 sternumentum
1204 3542 1317 3604 rudium,
1346 3543 1409 3594 dnm
1439 3542 1595 3596 colosseum
1624 3559 1700 3595 snum
1728 3544 1754 3596 in

134 3608 231 3663 tolilrus
259 3610 462 3678 prapuquaculis
485 3610 588 3678 disjecit
607 3628 613 3662 :
635 3626 696 3664 naut
721 3627 800 3679 neque
824 3624 917 3662 monus
970 3610 1099 3678 templum
1115 3610 1215 3664 lulerre
1232 3610 1314 3664 mnus
1328 3611 1479 3672 rtroliretnr,
1496 3614 1627 3666 imotenus
1645 3613 1670 3663 iu
1685 3623 1754 3665 tent·

132 3679 279 3741 danninum,
299 3695 380 3747 neque
395 3681 522 3733 nraelumu
537 3681 679 3748 quidquam
696 3682 724 3733 iu
743 3690 829 3733 turres
852 3679 915 3733 istas
969 3680 1022 3746 plo.
1041 3690 1087 3732 υιιι
1102 3681 1128 3732 in
1146 3680 1211 3732 urbo
1227 3681 1342 3750 positam
1358 3681 1480 3747 pluribus
1496 3681 1561 3735 loeis
1578 3681 1673 3735 scribit
1684 3681 1755 3734 illem

133 3759 252 3810 uossuut.
277 3749 361 3802 daea
384 3748 464 3803 verbu
482 3748 562 3802 αὐτὸν
579 3749 659 3818 μόνον
675 3749 707 3802 ad
722 3749 838 3816 aliquam
855 3764 917 3811 par·
969 3748 1056 3805 Plrilo.
1073 3749 1114 3803 Αιι
1142 3750 1222 3818 igitur
1250 3750 1314 3802 illud
1335 3752 1369 3803 ad
1389 3753 1580 3814 instauratorem
1606 3752 1755 3803 Adriauuru

136 3829 190 3871 tern
203 3817 410 3884 praetermissam
423 3833 485 3874 eoru
495 3819 605 3872 rrorniue
619 3817 785 3872 soleremus?
803 3819 836 3870 ud
848 3815 915 3872 Ves·
968 3818 1141 3873 reserandum
1154 3822 1222 3883 orit,
1237 3820 1414 3890 ἀνδριάντος,
1428 3821 1513 3890 ὅνπερ
1531 3821 1560 3873 ἐν
1576 3820 1614 3890 τῷ
1633 3820 1688 3889 ναῷ
1703 3821 1754 3873 ab·

134 3884 273 3954 pasionum
295 3887 409 3942 seilicet.
440 3888 476 3941 dt
493 3884 673 3954 Vespasianus
693 3903 744 3942 uon
770 3888 796 3941 id
822 3886 917 3949 noluit,
966 3888 1021 3942 τῶν
1046 3887 1086 3958 τῷ
1111 3887 1182 3959 ἁγίῳ
1210 3888 1367 3958 trallianos,
1393 3889 1441 3941 uui
1469 3892 1630 3958 προσκυνεῖν
1656 3891 1755 3951 αὐτοὺς

134 3953 465 4023 quituoribuudnsetiam
482 3956 673 4024 imperatorum
695 3956 862 4022 ἀποθεώσεις
879 3956 917 4010 ir·
967 3957 1102 4028 irrolqosi
1122 3958 1205 4013 Plane
1231 3961 1293 4012 aridi
1328 3958 1511 4012 aomanorum
1544 3960 1580 4013 lle
1604 3961 1751 4012 imuutr‘ooe

136 4022 250 4080 ridebit.
266 4022 341 4080 Unde
352 4023 389 4079 illi
404 4022 483 4093 iocus
498 4027 569 4094 apud
590 4027 749 4081 Suetonium
768 4042 776 4079 a
793 4025 916 4094 iltutus,
966 4037 1066 4082 sancta
1085 4029 1182 4090 erucis,
1201 4031 1259 4094 ubi,
1274 4043 1335 4081 orror
1350 4029 1463 4081 dixisset
1477 4025 1577 4082 AEliarn
1594 4044 1609 4083 a
1625 4027 1753 4096 gentibus

133 4091 199 4148 deus
210 4093 263 4163 fio,
277 4104 374 4157 morte,
388 4110 404 4149 a
419 4108 472 4166 qua
489 4095 564 4151 obita
584 4095 774 4151 referebantur
790 4096 818 4151 in
838 4097 915 4158 deos.
968 4096 1128 4161 habitatam,
1148 4106 1175 4152 et
1190 4098 1301 4152 Adriani
1311 4097 1389 4164 jussu
1402 4096 1498 4150 uetitos
1509 4094 1617 4151 lodreos
1636 4097 1676 4151 rel
1688 4111 1755 4151 oeus·

134 4158 300 4232 iespasiaoo
324 4163 432 4286 μιλίων
456 4165 611 4221 adulatores
637 4167 762 4222 stiruutos
786 4166 914 4236 sutrjieie·

134 4232 211 4296 bam.
230 4234 309 4289 ιοίίσι
349 4248 397 4289 erre
420 4233 524 4298 baberi,
544 4234 675 4290 miracula
703 4247 834 4304 patraret.
852 4251 914 4305 qma

144 4311 256 4357 morasse
271 4303 382 4358 'lasciuus
396 4311 424 4358 et
436 4303 582 4358 Suetonius
594 4317 732 4369 asserunt.
747 4321 845 4359 oecrnn
869 4321 917 4357 re-

147 4371 302 4434 uminundm
319 4382 347 4427 et
360 4386 424 4426 orus
435 4372 522 4426 debile
539 4372 742 4439 continuandum
756 4375 801 4428 sed
821 4389 854 4426 ao
869 4372 915 4426 Ti·

137 4452 179 4492 tus
192 4441 287 4495 eodem
299 4443 423 4495 surrentin
440 4444 579 4494 steterimus
595 4443 641 4503 sit,
661 4452 687 4494 ιιι
719 4446 769 4495 otri
786 4442 913 4494 diviuita-

136 4519 189 4564 tem
209 4507 354 4562 indebitam
369 4519 518 4576 arrogaret,
543 4459 772 4579 interstandum,
795 4511 849 4564 iuro
866 4525 916 4563 roeo

134 4589 227 4630 vertam
241 4585 362 4630 autumo.

171 4643 228 4726 tau)
246 4643 303 4700 Τὸν
324 4643 360 4698 di
372 4642 487 4714 deiapar
502 4646 554 4702 τοῦ
568 4645 662 4713 θυμοῦ
676 4645 759 4701 Τίτον
775 4645 865 4716 λέγει.
887 4645 916 4700 ln

134 4713 244 4782 arrciptti
262 4722 291 4769 et
317 4714 422 4770 lubrico
451 4717 532 4770 malui
553 4718 683 4770 bormrem
712 4716 811 4769 babere
837 4715 915 4778 Tito,

136 4799 216 4852 equom
238 4784 296 4853 ejus
317 4783 540 4851 vitrrporationenr
563 4786 712 4839 adrertere.
739 4781 812 4837 ierti
835 4800 867 4838 ao
894 4785 916 4839 si

136 4856 260 4927 legissent
274 4853 365 4925 ἱλαρὸν
381 4852 480 4925 θυμοῦ.
505 4865 533 4908 ιιι
556 4854 753 4908 Latinitatem
770 4855 852 4909 arsinoi
875 4855 917 4909 di-

134 4931 211 4989 eum,
221 4933 265 4978 urst
276 4924 390 4994 γτυρὸν,
400 4925 578 4994 potiusquam
593 4925 738 4991 superbum
748 4925 915 4979 urstelatum.

138 4983 249 5047 videtur
269 5006 359 5048 autem
383 4999 436 5048 non
453 5011 517 5057 uno,
539 5003 587 5062 aut
607 4995 690 5047 alters
710 4993 804 5049 deesse
822 4994 916 5060 dictio,

135 5063 183 5119 sed
201 5063 345 5141 scripturae
361 5063 437 5119 loeus
460 5063 575 5134 aliquis,
591 5064 636 5117 ubi
653 5060 731 5118 Titus
752 5065 791 5120 sio
814 5074 861 5119 aut
877 5065 918 5120 sio

135 5140 298 5187 sttrunnetut.

166 5197 227 5267 tat)
253 5201 321 5268 Περί
343 5201 397 5256 τοῦ
423 5200 610 5270 ἀνδριάντος.
635 5203 717 5259 Dirrrs
738 5201 917 5273 {lieronymus

137 5268 205 5322 libro
222 5282 318 5332 quarto
334 5273 358 5323 iu
369 5270 523 5326 binttlmrum
539 5274 607 5327 :dut
621 5277 652 5326 de
667 5274 780 5341 r'ruaqine
792 5272 916 5337 Carrenis,

135 5348 213 5406 quom
234 5333 333 5391 i'ilotus
344 5339 432 5404 uostrit
446 5341 473 5393 iu
490 5342 596 5405 teotolo,
612 5353 657 5392 υιιι
674 5358 706 5395 ae
722 5342 831 5395 oar-lani
846 5358 918 5408 eqtsu·

135 5405 184 5458 stri
198 5412 296 5466 statua,
312 5424 370 5474 qua
380 5410 406 5461 in
418 5411 474 5474 ipso
489 5421 640 5462 sorrctorum
651 5408 707 5461 laco
719 5427 798 5478 rtsque
811 5412 836 5461 in
849 5412 918 5462 diem

136 5480 288 5540 praesentem
309 5477 388 5525 stetit.
409 5476 543 5545 insopitus
565 5479 612 5532 lib.
629 5491 647 5530 ιι
675 5477 711 5529 tte
735 5479 854 5544 anquirit.
871 5478 919 5531 lu·

135 5541 236 5595 sirico:
262 5540 398 5610 Πεμφθεὶς
410 5544 438 5596 δὲ
458 5545 587 5601 Ἰουδαίαν
607 5545 752 5616 ἐπίτροπος
767 5547 819 5599 dab
842 5546 919 5599 Τιὸε-

136 5610 197 5684 μίαν
213 5609 336 5674 Πιλᾶτος,
349 5610 438 5665 νύκτω
466 5616 678 5687 κεκαλυμμένας
689 5616 728 5677 εἰς
745 5615 920 5684 Ἱεροσόλυμα

137 5677 344 5762 παρεισκομίζει
366 5678 415 5742 τὰς
438 5630 463 5733 d

141 5748 334 5808 indurandam
359 5749 456 5807 asserit
481 5749 612 5819 loandsns
635 5754 738 5821 positas
755 5757 780 5809 in
809 5753 917 5823 tanqua,

464 5680 575 5752 αίσαρος
590 5682 707 5747 είκόνας.
727 5686 842 5755 Σημείαι
869 5701 936 5739 κιο·

969 4166 1002 4219 lis
1018 4165 1136 4221 insulamn
1153 4182 1296 4236 usurpare.
1322 4167 1467 4221 audisso!
1486 4164 1514 4219 δὲ
1540 4168 1680 4237 οἰκήτορες
1699 4164 1755 4219 τῶν

973 4236 1167 4305 Ἰεροσολύμων
1180 4235 1211 4302 ἐξ
1224 4236 1381 4304 ἀλλοφύλων
1397 4238 1577 4304 τυγχάνοντες
1597 4237 1699 4306 στήλην
1712 4236 1753 4305 τῷ

968 4305 1149 4376 αὐτοκράτορι
1171 4306 1283 4377 ἵδρυσαν
1298 4307 1327 4357 ὲν
1342 4305 1415 4375 αὐτῷ
1431 4304 1499 4375 ἱερῷ
1514 4305 1551 4376 [id
1571 4317 1610 4359 rst
1633 4310 1658 4358 iu
1673 4321 1754 4368 area,

965 4375 992 4426 iu
1007 4390 1059 4441 qun
1082 4388 1145 4427 ursle
1159 4375 1298 4443 teorpluml
1312 4373 1388 4442 aspi
1403 4376 1453 4442 τὴν
1467 4375 1571 4444 ὡραίαν
1592 4374 1689 4444 πύλην,
1706 4377 1754 4428 καὶ

966 4441 1134 4510 ἀμείψαντες
1156 4444 1186 4495 τὸ
1209 4444 1295 4511 broma
1316 4446 1366 4510 τῆς
1387 4443 1491 4504 πόλεως
1514 4443 1646 4498 ἐκάλεσαν
1668 4445 1753 4515 αὐτὴν

967 4512 1013 4563 ἐπὶ
1025 4511 1063 4581 τῷ
1078 4511 1122 4563 dud
1146 4528 1190 4564 ars
1203 4511 1248 4564 τοῦ
1266 4510 1429 4581 κρατοῦν-,ος
1439 4514 1543 4566 Αἰλίαν.

1005 4581 1061 4648 (ὃῖ)
1077 4529 1233 4651 Βδέλυγμα
1245 4578 1305 4634 τῶν
1320 4579 1507 4647 ὲμιρμώσεων.
1524 4584 1678 4653 Βδέλυγμα.
1690 4583 1751 4637 ido·

969 4648 1033 4701 lnm.
1051 4650 1125 4704 isaim
1143 4667 1173 4706 cu
1198 4690 1204 4702 .
1222 4667 1240 4705 tt
1257 4650 1317 4719 :Tiq
1341 4653 1395 4720 γὰρ
1412 4653 1503 4722 ἡμέρᾳ
1525 4653 1614 4722 ἐκείνῃ
1642 4653 1754 4705 {adnisi

967 4717 1110 4787 ἅνθρωπος
1123 4720 1156 4773 τὰ
1174 4666 1345 4800 diminuare
1362 4721 1444 4798 αὐτοῦ
1467 4724 1501 4774 τὰ
1519 4723 1638 4792 ἀργυρᾶ,
1655 4722 1702 4776 καὶ
1719 4723 1753 4775 r'a

967 4790 1056 4858 χρυσᾶ
1072 4805 1079 4843 :
1101 4788 1132 4842 lu
1146 4791 1192 4842 iltu
1208 4794 1249 4843 die
1273 4804 1318 4856 pro
1333 4800 1391 4865 reret
1406 4791 1483 4841 bouso
1497 4793 1567 4844 idola
1588 4797 1689 4860 rrrqenu'
1700 4796 1752 4857 sui,

967 4859 1144 4952 etusimulacru
1166 4861 1225 4912 auri
1245 4860 1298 4913 sui.
1316 4805 1384 4912 indu
1406 4871 1534 4927 qrraetereo
1558 4859 1669 4914 Suidum
1688 4876 1754 4917 voce

985 4943 1045 4980 σειν
1088 4945 1115 4981 α.

968 4926 983 5118 Ξ
1003 4945 1178 5081 (diffidatus
1194 4998 1229 5052 ir
1242 4999 1323 5063 τόκῳ
1334 4999 1418 5068 ἁγίῳ.
1432 4995 1472 5051 Er
1487 4998 1639 5067 Erarrqeliis
1652 5015 1753 5067 repono

986 5083 1065 5129 ττως.

1004 5138 1059 5208 (ὀί)
1073 5135 1309 5204 Ὀτανιτληρωίῇ
1321 5134 1465 5190 Βαόιι.λὼν
1476 5135 1678 5204 ὲόδομιίκσντα
1688 5138 1751 5206 ἔτη.

967 5205 1055 5260 Ριοίιιι
1071 5207 1246 5259 nulsnutilotns
1262 5206 1355 5258 lutens:
1372 5221 1457 5271 trisque
1471 5207 1653 5260 enimdrcltur
1665 5207 1753 5263 israe·

968 5274 1031 5328 litas
1057 5276 1162 5330 serr-itii
1184 5277 1276 5343 jugum
1295 5276 1440 5333 subituros.
1458 5291 1545 5337 sterque
1561 5279 1697 5329 eserritio
1720 5280 1756 5332 li-

969 5344 1091 5397 beratum
1108 5344 1151 5404 iri,
1167 5345 1209 5395 rui
1236 5344 1273 5396 roi
1299 5345 1485 5410 siguilirandra
1500 5342 1613 5397 Basilius
1628 5347 1753 5414 Scriptu-

970 5424 1026 5463 rarn
1039 5414 1195 5479 urragistram
1208 5413 1331 5465 admunt.
1350 5411 1461 5465 ttroenn
1475 5429 1565 5465 aurern
1578 5417 1655 5467 citari
1678 5417 1754 5469 lmus

969 5480 1021 5533 iste
1034 5477 1158 5533 inseruire
1180 5496 1239 5548 rap.
1257 5496 1321 5542 xxv,
1343 5496 1369 5531 ν.
1390 5481 1417 5532 il
1437 5499 1444 5533 ι
1469 5481 1523 5533 Καὶ
1548 5482 1624 5534 ἔσται
1649 5486 1753 5555 mirari

968 5549 1004 5627 γῇ
1018 5550 1058 5612 είς
1074 5549 1244 5627 ἀφανισμὸν,
1260 5548 1307 5600 καί
1330 5548 1519 5602 δουλεύσουσιν
1534 5552 1568 5603 τὰ
1583 5552 1646 5622 ἔθνη
1666 5554 1754 5608 ταῦτα

968 5634 1007 5739 μμ
1029 5617 1134 5741 βασιτλμί
1152 5617 1571 5742 τηθςίΒαὸυμὰῶνμςὸδξίμομήμοντέα
1585 5621 1711 5745 ἔτμδκαί
1724 5626 1754 5676 ἐν

969 5706 1015 5812 iiii
1030 5704 1085 5812 {did
1092 5702 1389 5837 iadffh¹fflduiioro;‚
1402 5704 1524 5813 iiddom
1556 5706 1599 5761 τη.
1630 5708 1648 5744 κ
1664 5692 1753 5764 mm
