3817 6075
141 309 195 377 8¹31
698 328 862 391 aunuum
880 330 1120 395 umnuattux
1138 334 1225 395 luc.
1380 374 1385 381 ·
1721 336 1770 401 aia

147 455 1765 523 mm

781 690 872 735 aaut)
889 690 1010 736 boatum
1023 691 1119 736 cntx.

586 803 588 808 ’
668 869 1252 1081 nunocnt

539 1216 983 1336 turuuatutx
1020 1221 1380 1340 andusia,

892 1490 897 1497 ·
924 1482 962 1504 ιιι

814 1622 1089 1717 NOTITIA.

175 1799 310 1904 theadoli
323 1838 443 1893 Grecaot
455 1836 539 1890 Latina
554 1850 585 1889 er
600 1851 657 1888 mss.
679 1834 917 1896 codabrbttatneca
930 1837 1054 1907 ltedicee,
1064 1849 1122 1907 eura
1134 1841 1159 1886 et
1176 1837 1286 1886 studiat
1325 1873 1332 1888 .
1351 1836 1411 1888 liar.
1423 1834 1534 1899 bandini,
1550 1836 1744 1891 bibliothecarit

591 1902 664 1964 regit.
676 1898 808 1950 Florentia
820 1901 882 1961 typis
892 1897 1084 1960 Casarrsllbl,
1096 1898 1157 1947 inti.
1176 1900 1222 1948 tal.
1242 1850 1323 1961 t-ltffl

177 2261 306 2331 Budocia,
325 2262 441 2329 Leontii,
456 2261 609 2334 philosophi
624 2260 809 2326 Atheniensis,
832 2260 973 2327 tiliacum
988 2258 1142 2315 Theodosio
1158 2258 1261 2330 juniori
1282 2258 1438 2329 imperatori
1459 2259 1607 2330 nupsisset,
1622 2260 1652 2316 in
1670 2262 1766 2333 baptiq

142 2356 236 2413 amatis
254 2357 362 2413 laracro
383 2356 435 2412 hoc
449 2369 549 2411 nomen
573 2353 607 2409 ab
631 2353 721 2409 Attico
744 2353 871 2424 episcopo
894 2352 1007 2424 accepit,
1037 2366 1100 2407 cum
1124 2360 1204 2405 antea
1230 2350 1361 2405 athenais
1388 2360 1540 2405 vocaretur.
1564 2351 1647 2408 Anno
1674 2354 1729 2409 132
1752 2370 1767 2408 a

68 2446 72 2451 ’
142 2448 295 2506 Theodosio
308 2450 478 2505 renuntiatur
495 2448 624 2519 Augusta,
643 2461 757 2519 eamque
771 2447 806 2502 ob
820 2447 983 2518 singularem
1005 2446 1159 2517 pudicitiam
1174 2455 1201 2501 ct
1221 2446 1356 2518 egregiam
1369 2444 1483 2500 formam
1504 2446 1654 2517 plurimum
1668 2447 1767 2503 dilexit

141 2556 227 2613 usque
247 2542 281 2597 ad
298 2556 400 2596 annum
422 2540 485 2606 tlt,
505 2538 680 2616 quoviolatae
701 2538 763 2594 iidei
786 2547 813 2594 et
835 2539 950 2593 adamati
972 2538 1084 2593 nimium
1109 2538 1234 2603 Paulini,
1263 2553 1296 2592 cx
1318 2536 1456 2592 letissima
1479 2536 1588 2607 quidem
1611 2553 1713 2607 crusa,
1739 2540 1776 2600 in,

120 2615 125 2624 “
140 2632 321 2703 suspicionem
339 2632 509 2703 imperatoris
521 2630 636 2686 adducta
648 2638 699 2685 est.
712 2628 802 2696 Quare
815 2628 943 2695 Eudocia,
960 2644 1016 2685 suae
1031 2628 1139 2684 conscia
1154 2628 1326 2699 integritatis,
1342 2628 1456 2683 secessit
1469 2627 1701 2701 Hierosolymam,
1717 2632 1773 2687 rabi⁴

140 2725 263 2783 ecclesiis
275 2724 442 2781 aedideandis
458 2738 489 2777 ac
509 2722 673 2793 pauperibus
692 2721 865 2778 sublevandis
880 2736 929 2791 per
947 2721 1047 2775 multos
1065 2735 1152 2775 annos
1168 2719 1301 2775 incubuit.
1321 2719 1390 2775 Cum
1405 2734 1470 2775 vero
1491 2719 1575 2775 sacris
1597 2721 1758 2779 evolvendis

139 2820 287 2892 scripturis
304 2827 385 2889 atque
405 2817 567 2873 meditandis
589 2817 735 2887 plurimum
757 2816 947 2881 delectaretur,
969 2829 1001 2870 ac
1021 2814 1128 2885 poetica
1149 2814 1277 2869 lacultate
1295 2814 1449 2881 excelleret,
1468 2826 1499 2869 ut
1517 2815 1611 2873 videre
1630 2824 1676 2872 est
1690 2820 1775 2888 apud¹

140 2912 279 2969 Socratem
298 2911 345 2966 lib.
364 2925 412 2975 var,
426 2923 450 2964 c.
468 2909 518 2975 213
538 2906 699 2963 donarant.
718 2906 763 2975 ΙΙΙ,
775 2924 802 2978 p.
816 2908 850 2963 at
864 2925 871 2974 ;
887 2906 1031 2977 Evagrium
1050 2906 1096 2959 lib.
1112 2921 1162 2972 xx;
1176 2905 1371 2975 Theophanem
1394 2920 1454 2976 pag.
1475 2905 1519 2961 ta.
1552 2904 1679 2965 chronic.
1705 2906 1766 2961 Ale·

138 3004 298 3061 wodanum
317 3019 344 3075 p.
367 3002 418 3060 dit
441 3016 498 3072 seq.
517 3000 632 3058 Photius
653 3001 971 3072 Constantinopolimuus
1000 3000 1153 3072 patriarcha
1173 2999 1312 3057 memoriae
1335 2999 1457 3071 prodidit
1479 3000 1540 3057 cod.
1564 3015 1688 3058 scaram
1706 3016 1770 3057 suae.

138 3095 315 3161 bibliothece,
325 3108 384 3148 eam
395 3093 505 3148 heroico
522 3093 647 3148 carmine
656 3094 797 3164 scripsisse
812 3092 1005 3162 metaphrasim
1019 3090 1188 3157 octateuchi,
1201 3091 1258 3146 sive
1268 3091 1399 3147 librorum
1412 3092 1531 3162 quinque
1544 3092 1656 3165 lioysis,
1669 3094 1763 3159 losne,

136 3190 262 3250 iudicum
292 3198 320 3245 et
333 3187 417 3253 iinth,
444 3186 477 3242 de
497 3199 549 3255 qua
564 3184 696 3255 judicium
710 3200 791 3241 sunm
809 3186 912 3257 prolert
927 3184 970 3239 bis
989 3184 1097 3240 uerbis:
1124 3204 1133 3236 ι
1153 3184 1297 3254 inscriptio
1316 3183 1418 3240 codicis
1433 3184 1467 3240 ab
1490 3184 1609 3240 liudocia
1635 3186 1772 3242 elabora-.

139 3290 196 3339 tum
212 3282 265 3337 hoc
282 3293 392 3335 carmen
412 3274 572 3340 affirmabat,
587 3273 669 3344 quud,
688 3281 744 3329 tum
755 3275 819 3345 qnia
833 3274 969 3337 mulicris,
982 3283 1010 3330 et
1029 3275 1139 3345 quidem
1159 3276 1186 3329 in
1202 3273 1315 3345 imperio
1331 3273 1434 3328 deliciis
1448 3273 1597 3342 affluentis,
1618 3284 1678 3349 tum
1697 3280 1768 3348 quia,

137 3375 298 3448 praeclarum
317 3372 385 3428 adeo
405 3379 455 3435 est,
474 3368 653 3425 admiratmne
670 3384 735 3424 sane
758 3370 868 3441 dignum
884 3369 1035 3439 judicatur.
1060 3371 1166 3427 Etenim
1187 3370 1299 3426 illustris
1319 3381 1361 3427 est
1382 3370 1427 3426 hic
1445 3371 1530 3437 labor,
1553 3382 1582 3426 ut
1604 3372 1630 3428 in
1652 3373 1765 3431 heroico

136 3463 267 3530 carmine,
289 3461 388 3532 siquis
407 3459 642 3530 unquamalius.i
662 3458 817 3531 Subiungit,
840 3459 925 3530 ipsam
943 3460 1050 3532 legibus
1069 3461 1135 3515 artis
1158 3461 1304 3532 caeteroqui
1324 3461 1574 3529 instructissimam,
1594 3462 1647 3519 boc
1670 3474 1763 3520 mosen

137 3568 192 3608 uno
201 3552 235 3609 ab
249 3551 282 3607 iis
296 3550 439 3618 deiecisse,
452 3550 524 3620 quod
536 3549 640 3605 labulas
664 3549 690 3603 in
710 3565 743 3605 eo
759 3550 846 3606 nullas
865 3551 1053 3607 immiscuerit.
1076 3551 1166 3618 Quare
1186 3553 1238 3607 hoc
1256 3552 1350 3622 majori
1369 3552 1547 3608 nobilissime
1562 3552 1672 3611 feminae
1688 3556 1762 3612 laudi

136 3643 255 3701 dandum
265 3653 317 3709 est,
334 3644 405 3714 quod
418 3650 509 3698 ratum
523 3641 632 3712 quidem
648 3641 820 3714 elegantiam,
837 3640 989 3697 amandatis
1007 3641 1115 3712 tabulis,
1133 3641 1231 3697 imitari
1246 3640 1398 3697 Christiana
1416 3642 1529 3699 veritate
1540 3652 1568 3699 et
1582 3645 1760 3717 simplicitate

136 3735 262 3792 voluerit.
280 3733 310 3790 ln
329 3735 380 3790 bac
395 3742 525 3805 praeterea
539 3734 706 3804 metaphrasi
719 3735 755 3789 ita
765 3733 890 3806 religiose
903 3748 1011 3790 sacrum
1026 3741 1129 3789 textum
1144 3735 1309 3805 expressisse
1324 3734 1471 3791 Eudociam
1491 3736 1562 3792 idem
1582 3735 1698 3794 Photius
1716 3750 1759 3796 te·

136 3835 235 3894 statm,
251 3833 281 3881 ut
300 3839 461 3888 «sensuum,
486 3824 554 3880 nihil
574 3824 752 3882 diffundendo
770 3835 817 3881 aut
834 3825 1031 3893 contrahendo,
1054 3826 1248 3897 proprietatem
1272 3832 1394 3881 servaret
1414 3825 1532 3893 assidue,
1553 3834 1581 3882 et
1604 3828 1633 3883 in
1656 3832 1769 3899 verbis,

135 3919 224 3992 quoad
242 3920 301 3991 ejus
323 3919 380 3976 lieri
398 3920 496 3990 potuit,
514 3915 634 3990 proxima
647 3935 761 3992 quaque
777 3931 857 3992 atque
877 3921 1013 3977 simillima
1035 3921 1232 3978 confirmaret:
1253 3941 1263 3974 t
1284 3921 1353 3977 adeo
1368 3929 1398 3977 ut
1417 3938 1465 3992 pro
1485 3923 1613 3995 legitimis
1628 3926 1769 3988 libroruin

135 4027 274 4093 sacrorum
295 4015 466 4072 versionibus
482 4014 575 4071 haberi
594 4014 710 4085 possint.
728 4015 863 4071 Praeterea
877 4016 937 4072 cod.
955 4032 1072 4073 ccxxxiv
1086 4024 1219 4072 memorat
1233 4013 1427 4085 metaphrasim
1440 4015 1562 4086 ejusdem
1577 4034 1633 4073 nou
1649 4021 1770 4078 absimi-.

134 4105 187 4161 lem
202 4107 403 4177 prophetiarum
415 4107 533 4164 llaniclis
558 4117 585 4162 ct
600 4105 747 4172 Zachariae,
762 4117 789 4162 et
807 4109 946 4165 historiam
955 4109 1080 4181 Cypriani
1096 4110 1221 4181 martyris
1240 4109 1323 4178 (illius
1334 4109 1412 4179 cujus
1428 4108 1601 4178 poenitentia,
1617 4111 1677 4167 siue
1692 4129 1762 4169 con·

134 4197 218 4255 lessio
230 4199 329 4270 legitur
343 4199 369 4253 in
384 4199 457 4254 ealce
473 4198 539 4253 edit.
553 4197 679 4267 Cypriani
694 4196 812 4269 Operum
829 4198 1014 4268 (laoniensis),
1037 4216 1051 4255 a
1065 4201 1178 4272 magicis
1191 4201 1296 4256 artibus
1311 4209 1338 4256 et
1352 4200 1501 4257 idololatria
1516 4202 1550 4258 ad
1561 4203 1664 4261 Christi
1678 4207 1770 4265 tidem.

133 4288 268 4354 conversi,
292 4298 321 4344 et
337 4286 450 4343 lustinae
472 4288 593 4359 virginis,
619 4288 696 4343 libris
711 4305 751 4343 m.
775 4288 874 4345 Poema
896 4290 1004 4346 tandem
1020 4292 1158 4347 heroicum
1172 4292 1201 4346 in
1220 4292 1362 4347 victoriam
1378 4309 1394 4347 a
1413 4293 1568 4351 Theodosio
1584 4297 1704 4371 conjuge
1726 4315 1759 4357 cx

134 4375 226 4440 Persis
240 4380 354 4436 leliciter
365 4389 541 4449 reportatam,
557 4378 668 4435 ascribit
680 4380 718 4434 illi
735 4380 860 4436 Socrates
874 4382 912 4436 lib
926 4398 967 4437 vu
986 4381 1085 4436 libror.
1106 4382 1210 4449 eccles„
1239 4398 1299 4454 cap.
1314 4385 1346 4439 il
1362 4403 1368 4439 :
1386 4405 1395 4437 ι
1408 4385 1477 4442 Cum
1492 4403 1557 4458 ergo
1574 4397 1628 4443 tam
1645 4390 1758 4451 illustris

134 4469 383 4528 victoriadirinitus
391 4468 530 4523 dataesset
540 4467 679 4531 Romanis,
689 4468 766 4522 multi
774 4477 933 4539 prestantes
944 4470 1098 4549 eloquentia
1108 4472 1160 4528 tiri
1170 4473 1197 4527 in
1205 4473 1311 4529 laudem
1323 4475 1496 4544 imperatoris
1512 4482 1687 4550 panegyricas
1698 4496 1759 4538 ora·

134 4563 224 4620 tiones
235 4560 465 4633 conscnpserpnt,
477 4573 577 4628 easque
593 4558 700 4629 publice
712 4559 861 4616 recitarunt
875 4578 882 4616 :
896 4561 954 4632 ipsa
972 4563 1038 4634 quin
1051 4564 1133 4621 etiam
1145 4564 1318 4636 imperatoris
1332 4582 1399 4620 uror
1414 4567 1523 4623 heroico
1534 4584 1615 4624 versu
1628 4579 1766 4642 poemata..

133 4653 322 4727 composuit.»
346 4651 474 4719 Quamuis
496 4661 587 4708 autem
608 4665 689 4707 nemo
704 4650 811 4708 illorum
832 4654 999 4712 mentionem
1013 4656 1094 4712 iaciat
1113 4657 1248 4713 editorum
1270 4657 1304 4712 ab
1321 4657 1365 4712 illa
1383 4657 1636 4715 llomerocentorram
1650 4662 1686 4718 de
1699 4663 1770 4724 Vita

132 4745 244 4813 Christi,
256 4744 485 4817 quemadmodum
498 4758 550 4801 nec
561 4741 732 4816 llicepboms
747 4743 795 4800 lib.
812 4761 868 4814 mr,
880 4748 926 4817 ΙΙΙ,
938 4747 1057 4805 loannes
1074 4758 1165 4805 umen
1177 4748 1290 4804 Tzctzes
1302 4747 1424 4804 chiliad.
1438 4766 1464 4814 x,
1481 4750 1582 4807 llistor.
1595 4753 1658 4818 306,
1677 4762 1760 4825 negat

73 4836 77 4845 '
132 4854 163 4897 se
178 4837 304 4894 Eudociae
324 4835 533 4903 octateuchum,
556 4845 584 4893 et
602 4837 704 4909 reliqua
715 4845 839 4910 poemata
854 4840 973 4896 nancisci
988 4857 1106 4912 unquam
1119 4842 1257 4912 potuisse;
1271 4855 1301 4896 se
1314 4841 1383 4897 duos
1398 4850 1490 4898 tamen
1501 4845 1561 4912 ejus
1575 4845 1681 4902 libellos
1697 4864 1759 4902 car·

132 4933 205 4990 minc
217 4931 333 5002 scriptos
345 4929 441 5001 legisse
453 4936 577 4991 testatur,
592 4932 837 4995 Homerocentones,
853 4939 880 4986 et
894 4930 1041 4999 Zachariae,
1055 4948 1087 4988 ac
1103 4932 1222 4991 Danielis
1236 4931 1448 5002 metaphrasim
1461 4934 1495 4989 dc
1510 4935 1609 5004 quibus
1624 4940 1768 4996 omnibns

133 5022 195 5079 tide
212 5021 254 5078 lo.
278 5019 339 5078 alb.
353 5019 519 5077 Fabricium.
545 5015 615 5075 But.
628 5019 712 5077 Grec.
731 5030 751 5076 t.
768 5022 789 5089 l,
804 5038 831 5093 p.
841 5023 893 5078 358
909 5021 965 5095 [ed.
987 5040 1051 5080 nor.
1072 5041 1101 5096 p.
1119 5024 1182 5097 558]
1201 5033 1230 5079 et
1247 5025 1322 5080 alibi.
1348 5022 1435 5094 littjus
1453 5026 1545 5095 itaque
1565 5029 1755 5087 celeberrimae

132 5113 241 5169 sentinae
252 5111 451 5185 elegantissima
464 5121 588 5184 poemata
600 5119 670 5168 teste
685 5113 809 5170 Fabricio
824 5115 842 5168 l.
858 5131 881 5171 c
903 5117 938 5171 ab
949 5117 1063 5173 eruditis
1076 5118 1166 5174 adhuc
1175 5119 1327 5175 desiderata
1351 5128 1425 5184 sunt,
1442 5136 1505 5175 cum
1517 5121 1761 5182 homerocentones.

131 5203 177 5272 qni
189 5204 239 5260 sub
252 5204 312 5274 eius
324 5205 435 5259 nomine
457 5201 686 5258 circumferuntur
705 5203 795 5272 potius
815 5204 869 5258 sint
881 5206 996 5273 patricii,
1013 5207 1056 5262 rel
1073 5208 1200 5267 Eudociae
1218 5211 1346 5282 junioris,
1367 5211 1458 5266 seculi
1473 5211 1511 5267 ni.
1534 5212 1591 5269 sive
1609 5214 1762 5283 Eudocitc,

131 5309 192 5363 quae
210 5293 279 5351 zoes
290 5311 377 5361 soror,
390 5294 598 5350 etconstantini
613 5294 793 5366 imperatoris,
810 5295 898 5351 Basilii
912 5296 1104 5372 Bulgaroctoni
1114 5301 1206 5359 iratris
1219 5301 1274 5358 iilia
1287 5303 1349 5360 luit.

167 5411 286 5468 'landem
301 5411 431 5476 Eudocia,
445 5421 476 5465 ut
490 5410 675 5479 snlttiareus,
689 5412 718 5468 in
735 5413 823 5470 mariti
837 5417 949 5487 gratiam
971 5419 1060 5484 rediit,
1076 5435 1137 5475 cum
1150 5436 1204 5490 quo
1225 5421 1356 5492 deinceps
1371 5421 1482 5492 pacifice
1497 5422 1574 5477 vixit.
1595 5424 1645 5479 lllo
1659 5434 1761 5482 tamen-

133 5512 222 5560 morte
237 5502 354 5566 sublato,
365 5500 408 5555 Pa*
708 5505 778 5561 ruod
790 5516 931 5576 supererat
945 5508 1008 5564 vitae
1022 5509 1067 5578 pio
1077 5511 1134 5566 otio
1145 5511 1255 5576 dicauit,
1270 5512 1361 5582 ibique
1374 5528 1447 5567 anno
1462 5513 1524 5578 460,
1543 5514 1684 5571 Marciano
1696 5517 1750 5571 ina-

132 5603 256 5670 perante,
275 5591 308 5649 (ΙὶΙ
1013 5634 1014 5645 ι
1034 5597 1159 5656 Bibliotlr.
1173 5612 1271 5659 sancte
1292 5603 1339 5658 lib.
1356 5621 1399 5667 rr,
1417 5619 1477 5674 pag.
1493 5604 1556 5667 sat,
1572 5604 1658 5667 Paris.
1680 5607 1749 5664 edit.

134 5687 199 5746 anui
217 5684 272 5761 lid
1060 5693 1159 5765 aeter,
1174 5711 1251 5768 capp.
1270 5696 1366 5757 su-aa.
1380 5710 1473 5752 muros
1499 5695 1751 5768 hierosolymitanae
