3817 6075
143 312 199 378 553
691 310 846 371 nullut
866 313 895 373 S.
914 315 1071 377 THECLAE
1091 316 1164 377 Ltn.
1184 317 1209 375 Ι.
1727 317 1780 382 irini

142 427 282 484 ἀκτιστον,
296 420 345 491 τὴν
360 421 538 490 δπίρχρονον,
553 419 602 487 τὴν
618 420 807 492 ἀτελεύτητον,
819 424 868 494 τὴν
884 424 940 477 dni·
954 435 977 487 ,t
992 426 1222 491 darn,neennditu
1232 424 1545 494 capiendammeentantr
1557 431 1779 495 tangendarnscd

143 533 228 588 κητον
247 514 352 585 Τριάδο
376 511 530 580 δμοούσιον.
558 512 666 580 Ἐγνιον
687 512 730 565 διά
759 512 806 565 σοῦ
830 518 879 587 τῆς
907 518 940 570 ὲκ
991 514 1073 585 273
1095 513 1152 568 sola
1180 512 1232 568 fide
1254 522 1334 581 atqrre
1359 512 1519 569 adoratione
1538 517 1777 585 conspiciendam,

143 605 286 676 Παρθένου
311 603 360 657 καί
380 601 523 665 ἀείπαιδος
546 602 640 665 ὠδῖνος
656 603 704 656 καί
723 607 876 673 γεννήσεως
893 606 939 660 τοῦ
990 607 1111 677 ejusdem
1128 605 1253 661 essentiae
1270 602 1442 658 Trinitatem.
1458 601 1510 659 Per
1522 613 1548 660 le
1563 607 1676 675 cognovi
1691 613 1780 665 omni·

144 695 267 768 Χριστοῦ
286 693 318 747 τὸ
333 693 495 763 μυστήριον.
514 692 621 758 'Euneon
634 692 678 746 διὰ
694 694 741 746 σοῦ
764 693 819 748 τῶν
833 696 940 767 θαῦμά·
990 706 1145 768 polentem,
1161 696 1251 751 ornnie
1271 696 1435 759 innuentem,
1457 696 1547 751 modis
1563 699 1690 754 omnihus
1714 716 1780 755 oeu-

143 804 210 851 των,
230 786 287 839 τῶν
301 785 435 855 τεράτων,
458 784 514 838 τῶν
532 784 705 854 διδαγμάτιον
723 785 806 839 αὐτοῦ
828 788 939 859 cipid-
989 789 1114 853 cinnum,
1144 786 1270 858 principii
1299 800 1429 850 recinam,
1456 786 1628 853 increatam,
1656 798 1779 859 tempore

143 896 237 949 ναμιν.
252 879 361 947 Ἔγνων
378 876 423 931 διά
446 876 494 929 σοῦ
518 875 565 930 τοῦ
588 876 719 946 σταυροῦ,
742 877 789 929 τοῦ
809 878 938 943 Θανάτου,
990 878 1168 947 superiorem,
1181 876 1235 930 hue
1246 884 1395 939 carentem,
1410 874 1632 944 insuperahilern,
1646 879 1778 948 ejusdem,

143 970 195 1040 τῆς
221 970 408 1031 ἀναστάσεως,
426 968 478 1036 τῆς
504 970 545 1031 είς
574 968 689 1039 οὐρανὸν
712 970 873 1040 ἀναλήψεως
891 972 938 1027 τοῦ
990 967 1110 1035 inquom,
1124 966 1250 1021 essentiae
1263 963 1436 1020 Trinitatem.
1451 965 1503 1020 Per
1516 975 1542 1021 te
1555 970 1668 1036 cognovi
1684 979 1778 1040 partus

143 1059 264 1131 Χριστοῦ
282 1058 435 1129 τὴναίτίαν
452 1060 500 1111 καί
515 1059 620 1128 ἀνητιν.
636 1060 744 1127 Ἐγνων
765 1061 809 1114 hl
825 1063 872 1115 σοῦ
889 1064 939 1134 τῆς
989 1069 1021 1110 ²0
1042 1056 1193 1110 tratiritntis
1214 1070 1247 1112 ex
1266 1053 1396 1126 virgine,
1415 1070 1500 1126 eaque
1521 1073 1630 1128 semper
1646 1060 1778 1136 Virgine,

145 1151 314 1215 συντελείας,
331 1154 381 1221 τῆς
396 1152 588 1218 ἀναστάσεως,
601 1153 650 1223 τῆς
670 1153 798 1223 κρίσεως,
812 1156 863 1224 τῆς
878 1156 939 1209 ὅσα.
988 1146 1089 1201 Christi
1105 1158 1315 1203 sacramentum.
1330 1147 1383 1202 Per
1397 1158 1424 1203 te
1439 1150 1552 1218 cognovi
1574 1151 1778 1217 miraculorum,

143 1245 227 1315 τίρας
240 1244 287 1298 τοῦ
301 1242 420 1315 Χριστοῦ
430 1243 581 1314 παρουσίας
596 1244 628 1296 τδ
640 1243 773 1313 ἄψευστον
783 1247 830 1300 καί
841 1246 938 1319 [eim.
988 1240 1519 1310 portentorum,praceptornnrquetttins
1528 1239 1780 1301 efficacitaternmcr

144 1337 317 1407 ραλόγιστον.
346 1336 454 1404 Ἔγνων
470 1336 514 1388 he
540 1338 587 1389 σοῦ
604 1337 653 1407 τῆς
673 1338 703 1391 ὲν
731 1338 840 1409 οὐρανῷ
862 1341 924 1410 pam
989 1336 1016 1383 te
1031 1332 1145 1400 cognovi
1157 1332 1257 1395 crucis,
1270 1332 1382 1399 mortis,
1396 1334 1620 1402 resurrectionis,
1636 1333 1737 1392 Christi
1752 1340 1779 1395 in

143 1425 241 1494 λείας,
269 1425 317 1479 καί
339 1427 390 1496 τῆς
417 1424 625 1497 δισυονιζοῦσης
652 1430 855 1502 μακαριότητος
882 1432 937 1486 σῶα
988 1418 1086 1472 cetum
1098 1420 1292 1490 assumptionis
1301 1435 1409 1476 causant
1421 1432 1503 1492 atque
1520 1423 1676 1480 utilitati-tn.
1690 1426 1742 1484 Per
1753 1438 1780 1484 te

150 1517 251 1587 Ἁγίων
288 1519 320 1572 ,g
359 1519 498 1589 &xiim
535 1520 582 1573 καὶ
608 1520 797 1593 puppem„
830 1525 937 1592 urm„
989 1510 1103 1580 cognovi
1113 1510 1363 1576 cousummationis,
1380 1512 1604 1580 resuscitationis,
1616 1515 1781 1587 jrrdieii,se·

143 1609 191 1665 διὰ
205 1608 253 1663 σοῦ
268 1609 316 1663 τοῦ
331 1609 486 1681 Ταρτάρου,
501 1608 549 1663 τοῦ
575 1612 671 1683 πνρδς,
693 1613 741 1667 τοῦ
767 1616 937 1687 Πυριφλεγέ.
986 1600 1067 1655 eundi
1081 1599 1183 1656 Christi
1204 1601 1237 1656 ad
1259 1616 1309 1657 nos
1323 1603 1455 1657 adrentus
1471 1605 1581 1659 minime
1598 1604 1719 1664 milacem
1734 1621 1781 1666 ant

145 1698 251 1767 ἀσνιος,
268 1702 324 1754 τῶν
340 1702 371 1754 ὲν
386 1700 451 1771 pion
464 1700 602 1772 δειμάτων
616 1706 664 1757 καὶ
676 1704 814 1760 meam,
830 1708 878 1762 χαι
892 1725 936 1763 xo·
959 1693 962 1699 '
988 1691 1170 1762 deceptoriam
1187 1694 1330 1750 rationem.
1351 1693 1403 1749 Per
1417 1705 1442 1750 te
1453 1697 1650 1767 eognoviregni
1663 1699 1781 1758 eoelestis

146 1792 302 1862 λασττγρίονν
320 1792 352 1845 εδ
370 1791 524 1862 ἀπέραντον
539 1795 585 1848 καί
596 1796 757 1855 ἀδέκαστον.
772 1798 878 1869 'Egone
892 1801 937 1857 διὰ
952 1781 974 1841 lt
988 1785 1213 1855 sempiternaque
1228 1796 1384 1841 sanctornm
1405 1787 1578 1844 beatitudinis
1599 1790 1780 1861 incorruptam

145 1879 195 1935 σοῦ
211 1881 260 1935 τοῦ
274 1880 441 1951 παραδείσου
457 1882 507 1953 ripn
522 1884 638 1956 τρυφὴν,
656 1885 706 1955 τὴν
728 1886 848 1957 &poppo-p
866 1888 936 1942 ἀπα.
989 1876 1115 1945 nulloque
1128 1876 1180 1932 line
1191 1876 1655 1936 terminandamiclicitatctn.Perte
1667 1882 1781 1953 cognovi

145 1971 263 2038 λουσιν,
291 1970 342 2043 τὴν
363 1971 465 2026 ἄπονον
497 1974 545 2027 καί
572 1975 738 2030 αῦτοσκευον
764 1978 935 2034 πανδαισίαν.
989 1964 1109 2034 'firmis
1124 1968 1212 2038 idnisr
1227 1969 1446 2041 Phlissefflffliisr
1465 1980 1780 2043 lefi⁰fflfflsiloe²¹³f⁰⁰h

148 2064 257 2133 Ἔγνων
272 2063 317 2117 διά
336 2062 439 2116 αοῦτοῦ
459 2063 531 2118 θείου
550 2065 664 2137 λουτροῦ
681 2069 729 2121 καί
743 2068 934 2139 βαπτίσματος
993 2069 1189 2116 tormentorum
1205 2061 1383 2127 inlinitorunr,
1405 2062 1533 2132 nullique
1547 2079 1687 2119 munerum
1700 2065 1783 2135 largi·

146 2155 197 2227 τὴν
210 2155 293 2226 χάριν
309 2155 359 2208 καί
374 2154 490 2225 δύναμιν
499 2154 528 2208 ίν
542 2173 572 2208 τε
584 2155 714 2228 λόγονκαὶ
731 2160 822 2230 πείρᾳ.
832 2161 939 2229 Ἔγνων
991 2153 1065 2208 lione
1079 2155 1309 2226 deprecandormn
1323 2155 1502 2224 apudinscros
1517 2154 1688 2209 statuunl'ec
1701 2166 1784 2211 teco-

145 2246 192 2301 διά
205 2246 253 2300 σοῦ
267 2246 319 2317 τὴν
336 2249 387 2320 τῆς
401 2246 512 2315 ἁγνείας
531 2249 578 2300 καί
603 2249 754 2319 παρθενίας
773 2252 863 2321 χάριν,
883 2254 941 2307 Mc.
993 2247 1074 2317 gueni
1088 2247 1206 2318 paradisi
1226 2246 1443 2313 delicins,ourrris
1454 2247 1582 2302 molestie
1594 2246 1782 2303 taettanticui·

148 2338 263 2409 μάδηκα
283 2337 329 2391 διὰ
351 2336 399 2391 σοῦ
426 2340 477 2409 τῆς
498 2340 665 2409 ἐγκρατείας
679 2341 727 2394 καί
741 2342 890 2413 καρτερίας
909 2344 940 2398 εδ
990 2340 1111 2402 tionem,
1129 2341 1281 2394 conuicium
1297 2339 1392 2408 quatis
1406 2351 1551 2409 apparatus
1570 2339 1735 2409 frequentia,
1754 2351 1782 2397 el

148 2430 295 2499 χρήσιμον.
308 2428 466 2499 hia-,rddere
490 2428 534 2482 διά
564 2429 611 2483 σοῦ
630 2430 795 2501 τῆςεῦχίγς,
812 2433 862 2503 τῆς
890 2452 940 2507 οη.
991 2429 1101 2499 quidem
1116 2428 1185 2484 citra
1202 2428 1320 2483 lahorem
1336 2439 1416 2497 atque
1434 2430 1503 2483 ultro
1514 2445 1547 2483 ex
1562 2445 1591 2483 se
1602 2430 1782 2485 instructissi-

151 2520 255 2586 στείσς,
266 2520 315 2591 τῆς
334 2520 519 2593 ίλσημοσῦνης
534 2521 564 2577 rh
582 2523 689 2594 κέρδος.
712 2525 871 2597 Μεμάδηκα
896 2525 941 2581 διὰ
992 2534 1075 2575 mum.
1086 2518 1139 2575 Per
1147 2517 1303 2589 recognovi,
1314 2527 1368 2571 tarn
1383 2517 1475 2582 rcrho,
1486 2534 1567 2587 quarn
1581 2520 1780 2586 experimento,

154 2610 205 2666 σοῦ
222 2610 279 2665 τῶν
290 2612 357 2683 ῦπδρ
371 2612 491 2683 Χριστοῦ
507 2614 555 2667 καλ
569 2614 613 2668 διά
627 2614 939 2688 Χριστδνπαάιγμάτων,
993 2611 1076 2667 diuini
1108 2610 1208 2665 tancti
1233 2623 1266 2664 ae
1288 2610 1415 2680 baptismi
1439 2626 1536 2665 munus
1569 2612 1672 2680 paritet
1701 2620 1782 2680 atque

153 2702 203 2757 καί
218 2702 341 2771 ἀγιῦιοιν,
355 2705 402 2758 καί
428 2704 518 2757 πίνων
536 2707 598 2771 τοὺς
619 2706 819 2776 ἀποκειμένους
843 2709 942 2780 στεφά-
992 2701 1150 2773 potentiam.
1169 2700 1222 2755 Per
1244 2710 1271 2757 le
1292 2703 1406 2773 eoguoti
1423 2701 1557 2757 eastitatis
1576 2702 1783 2771 etyirginitatio

151 2809 224 2859 νασς,
239 2794 396 2866 magedena
410 2794 455 2848 hir
469 2795 517 2850 σοῦ
538 2796 585 2851 καί
599 2796 674 2861 απαξ
691 2797 785 2863 duih<
804 2799 873 2870 αμαῦ
889 2800 942 2856 rrd-
992 2795 1120 2866 gratiam.
1140 2792 1193 2850 Per
1223 2802 1248 2850 te
1274 2794 1357 2850 didici
1382 2794 1555 2850 continentie
1578 2809 1611 2849 ae
1633 2795 1784 2851 tolerantie

149 2902 201 2957 σιγς
213 2887 264 2958 τῆς
279 2888 351 2941 ιοατά
372 2887 492 2957 Χριστὸν
513 2888 655 2953 είσεδείας
675 2891 723 2944 κοιλ
747 2891 886 2956 πολιτείας
907 2893 944 2947 τά
997 2886 1180 2942 commodem.
1205 2884 1260 2942 Per
1277 2895 1303 2942 te
1320 2885 1402 2942 didici
1420 2885 1569 2953 orationis,
1583 2886 1696 2959 jejunii,
1712 2888 1784 2945 elec-

148 2978 322 3051 ἀποκτίμινα
346 2974 416 3033 dhis
447 2981 494 3034 καί
515 2980 584 3052 γέρα
607 2985 664 3046 τοῖς
680 2981 826 3052 ἀγαπῶσιν
849 2984 940 3041 αὐτόν.
995 2991 1114 3050 οιοεγοαι
1133 2975 1358 3032 emolumentum.
1379 2972 1433 3031 Per
1451 2984 1478 3031 te
1495 2976 1577 3032 didici
1596 2980 1782 3050 crneiotttntn,

148 3069 192 3125 Τά
204 3070 256 3140 μίν
268 3066 316 3125 οῦν
330 3071 377 3126 διὰ
397 3070 445 3126 σοῦ
469 3088 512 3143 μοι
530 3073 578 3127 καλ
598 3074 648 3144 τῆς
668 3077 718 3145 σῆς
739 3079 941 3148 προαγεγονότα
994 3068 1191 3153 θθίζὶθῐῐλῑῦϋῑῐλι
1203 3067 1326 3123 l³b⁰s¹¹¹¹l
1337 3107 1345 3133 ,
1358 3083 1407 3137 pro
1419 3066 1528 3125 Christo
1538 3080 1566 3126 et
1583 3086 1632 3140 per
1645 3071 1783 3132 christon

146 3156 324 3222 διδασκαλίας
338 3159 426 3214 ταῦτά
449 3178 491 3230 γε,
512 3163 560 3215 καί
583 3163 674 3235 πολλῷ
700 3164 811 3220 πλείονα
837 3167 940 3222 τούτων
994 3160 1189 3226 toleratorum,
1209 3162 1344 3229 repositas
1363 3175 1488 3218 coronas.
1509 3162 1560 3218 Per
1586 3174 1611 3221 te
1631 3167 1731 3233 didici,
1754 3181 1785 3224 ut

148 3251 233 3304 ἐστίν.
244 3251 277 3305 m
290 3249 319 3305 δί
330 3267 392 3305 τινα
404 3254 462 3316 τοῖς
478 3253 634 3324 είρημίνσις
645 3254 814 3325 προσλείπιι,
825 3257 939 3311 κάκεῖνα
994 3251 1152 3306 summatim
1164 3263 1196 3306 ae
1220 3250 1302 3306 rerho
1319 3250 1468 3319 ahsoltarn,
1488 3254 1577 3310 onrnis
1598 3256 1678 3311 simol
1696 3256 1784 3328 pictu-

149 3341 281 3414 repositi<
296 3341 396 3397 θάττον
408 3343 554 3397 ἀπόλυσον.
573 3346 629 3397 Καὶ
642 3346 759 3418 cophin
780 3365 825 3417 μοι
843 3348 938 3420 serpo,
995 3345 1040 3408 lis,
1061 3342 1176 3413 viteque
1192 3356 1227 3397 ex
1248 3340 1347 3398 Christi
1369 3341 1426 3414 lege
1451 3344 1591 3409 institntae.
1619 3336 1783 3412 intercedenti,

149 3433 273 3498 ἀπιέναι,
288 3433 337 3488 καί
350 3431 400 3504 τὴν
414 3435 539 3505 ἐμαυτῆς
556 3435 635 3489 πόλιν
647 3436 812 3490 καταλαδεῖν
826 3439 857 3492 τδ
872 3439 938 3493 ind·
995 3437 1136 3507 ipsumque
1149 3434 1321 3505 diligentibus
1335 3437 1469 3506 proposita
1489 3439 1611 3507 premit.
1623 3424 1712 3511 ἀτιμία
1725 3443 1783 3517 lucc

151 3541 216 3580 νιον.
235 3523 272 3579 Σὺ
286 3525 381 3595 μέντοι
410 3541 442 3593 γε
466 3527 533 3597 μηδὲ
557 3526 628 3581 οῦτοι
646 3528 774 3602 διαλίτῃς
792 3530 938 3601 εὐχόμενος
994 3524 1102 3594 quidem
1128 3532 1208 3587 suut,
1233 3531 1314 3594 alque
1337 3524 1405 3578 aden
1430 3524 1472 3580 his
1501 3526 1579 3597 longe
1605 3529 1701 3597 plura,
1724 3522 1785 3601 unce

148 3616 199 3671 καί
218 3615 349 3670 ίκειτάων
362 3616 433 3688 ὑπὲρ
448 3616 515 3687 ἐμοῦ
529 3633 536 3647 ·
548 3617 620 3670 ὥστε
636 3635 669 3689 με
686 3621 733 3674 καί
750 3619 831 3692 μέχρι
847 3621 941 3686 σέλαος
994 3629 1043 3683 per
1064 3625 1090 3671 te
1107 3625 1234 3685 tuamque
1251 3615 1402 3670 doctrinam
1419 3630 1477 3672 sorn
1492 3616 1650 3677 consecuto.
1667 3619 1743 3689 errrd
1761 3624 1786 3679 si

148 3703 357 3777 ἀνεμποδίστως
372 3708 419 3762 καί
433 3707 658 3778 ἀνεπαισχῦντως
674 3710 720 3764 τάν
733 3712 784 3782 τῆς
800 3713 941 3778 edocenter,-
994 3705 1058 3775 qnid
1085 3707 1192 3769 adhuc,
1214 3718 1312 3776 preter
1334 3723 1365 3764 ea
1385 3724 1446 3778 (μισ
1471 3709 1528 3781 jam
1555 3715 1785 3782 commemoravi,

147 3797 275 3855 διανύσαι
291 3798 403 3871 δρόμον,
420 3800 470 3853 καί
484 3799 554 3870 πρὸς
571 3800 622 3872 τὴν
644 3802 701 3855 τῶν
725 3803 847 3875 οὐρανῶν
866 3803 942 3876 βασι·
994 3796 1062 3851 mihi
1080 3797 1168 3861 deest,
1186 3808 1213 3850 to
1228 3798 1254 3852 td
1274 3813 1382 3870 quoqne
1404 3799 1514 3869 addens,
1531 3818 1573 3858 me
1587 3808 1785 3876 quurnpritmnu

147 3891 249 3945 λαίαν*
267 3890 443 3957 memmii,
470 3893 519 3945 καί
543 3892 660 3963 Χριστὸν
679 3894 726 3947 σὺν
742 3894 808 3965 ἐμὸν
829 3895 941 3965 βασιλέα
997 3889 1114 3944 diutine.
1140 3889 1263 3946 Abeuudi
1285 3892 1357 3946 enirn
1375 3895 1446 3948 uttne
1464 3894 1529 3962 mihi
1547 3905 1674 3966 ternpus,
1692 3909 1719 3954 et
1736 3914 1785 3969 pr.

150 3980 202 4034 καί
217 3980 335 4049 νυμφίου
353 3981 509 4048 ἀπσλαάείν,
529 3982 564 4036 δι’
579 3983 608 4038 ὃν
630 3984 686 4052 ἐγὼ
707 3984 829 4039 πέπονθα
846 3987 943 4052 ταῦτα,
997 3983 1076 4036 triam
1096 3996 1184 4037 meam
1207 3980 1329 4039 lconimn
1354 3980 1501 4057 repetendi.
1527 3986 1567 4041 Tu
1594 4005 1674 4057 porro
1698 4008 1785 4061 nequo

157 4069 289 4129 καλίσοις
304 4068 334 4120 δὲ
349 4069 476 4141 πείσομαι
495 4073 588 4137 πάλιν,
606 4075 654 4133 καί
675 4077 779 4146 νικήσω
795 4076 884 4130 πάλιν.
907 4077 943 4131 Σά
964 4146 967 4152 Ι
997 4073 1048 4127 hae
1073 4075 1106 4128 de
1127 4088 1208 4129 eausa
1230 4075 1329 4130 orandi¹
1349 4070 1398 4153 pro
1415 4074 1459 4132 nt'e
1474 4087 1502 4132 el
1518 4079 1688 4150 supplicandi¹
1705 4084 1784 4139 hnern

164 4149 461 4228 μδνον,ῦιάιδάσκαλτ,
481 4166 583 4235 pignore
603 4164 687 4235 λῄξγγς
709 4167 854 4238 εὐχόμενος
873 4168 944 4238 ὑπὲρ
996 4161 1099 4218 luchs:
1115 4178 1170 4233 qno
1192 4163 1301 4234 pletatis
1327 4164 1494 4224 curriculum
1509 4168 1543 4224 ad
1562 4160 1662 4233 metato
1684 4189 1783 4244 usqne,

159 4245 231 4317 ἐμοῦ
242 4249 294 4321 ἰῆς
307 4249 359 4319 σῆς
373 4250 514 4325 θυγατρίζ,
528 4257 576 4311 καί
596 4257 732 4329 δεόμενος.
745 4259 802 4312 Καί
822 4259 877 4331 γάρ
893 4259 944 4332 ἐμὲ
995 4254 1055 4309 sine
1065 4255 1119 4310 ullo
1131 4255 1335 4326 impedimento,
1348 4268 1393 4312 eut
1405 4256 1545 4317 dedecoris
1558 4260 1619 4319 lethe
1629 4264 1783 4333 conectunt,

154 4336 653 4416 ἀντοίςιατάῖρισσίκασνδισμοίς
671 4345 851 4415 ἐγέννησας.»
996 4354 1024 4404 et
1041 4348 1158 4418 deniqne
1179 4350 1212 4404 ad
1233 4350 1344 4406 coeleste
1366 4338 1478 4421 regnum
1508 4354 1681 4423 perveniam,
1706 4338 1800 4415 Chri-¹

153 4445 228 4489 amru
247 4448 338 4504 regern
358 4450 391 4491 ae
419 4450 551 4507 sponsum
581 4434 839 4511 meunt‘receptnra
862 4458 870 4495 :
895 4455 945 4511 pro
964 4443 1043 4514 crrjus
1064 4444 1174 4501 nondne
1192 4445 1238 4500 illa
1270 4445 1387 4516 pertuli,
1404 4458 1432 4502 et
1463 4445 1588 4504 fortassis
1606 4449 1703 4505 iterum
1723 4467 1785 4521 per·

156 4525 262 4591 ieram,
294 4543 456 4600 rursumque
474 4531 616 4588 uictoriam
636 4533 791 4603 reportabo.
813 4534 896 4613 274
915 4535 957 4591 'lu
979 4548 1100 4605 tantum,
1126 4540 1163 4595 mi
1198 4542 1345 4623 magister,
1381 4558 1518 4613 nunquam
1541 4558 1637 4614 preces
1660 4546 1785 4602 onsecra-

157 4619 301 4690 tionesqne
318 4637 367 4692 pro
389 4640 433 4680 me
454 4626 509 4681 dile
531 4638 577 4684 tue
594 4629 683 4683 lacere
704 4630 877 4684 intermittas.
899 4630 1004 4689 Etenim
1020 4636 1103 4690 mein
1122 4634 1175 4690 tnis
1188 4653 1237 4706 pro
1252 4635 1362 4692 Christo
1376 4636 1491 4691 rinenlis
1505 4635 1660 4706 genuisti.»

191 4714 265 4783 Πρὸς
285 4716 371 4777 wa
398 4719 543 4776 ὑσνολαδὼν
561 4723 614 4794 ἔφη
633 4725 647 4776 ὁ
667 4724 786 4788 Παῦλος·
802 4743 811 4775 ι
829 4725 899 4778 *ἀλλ’
915 4721 986 4792 edo
1033 4728 1493 4790 CuiinteciatnsPnnlustcsseue,
1510 4727 1781 4796 inpugnationes

153 4808 212 4879 ἔχει
236 4808 287 4879 μὲν
310 4810 401 4865 πάντα
420 4812 457 4866 τά
479 4815 551 4868 κατὰ
567 4815 609 4880 σὲ,
628 4808 805 4886 ὧπαρθένε,
829 4816 877 4868 καί
900 4815 945 4869 διὰ
1000 4827 1051 4872 ture
1074 4818 1191 4884 hahcnt,
1214 4819 1338 4887 orirgo;
1357 4818 1384 4870 iu
1402 4816 1528 4871 omnihus
1548 4814 1609 4869 lldei
1629 4824 1681 4869 tuae
1702 4816 1785 4875 robur

153 4900 265 4953 πάντων
276 4899 310 4952 ch
325 4902 376 4972 τῆς
390 4902 511 4968 πίστεώς
527 4922 568 4960 σοι
585 4907 759 4978 περιγέγονεν
770 4906 879 4976 κράτος,
898 4905 944 4960 καί
998 4907 1143 4970 excelluit,
1166 4917 1193 4960 ct
1209 4905 1266 4972 jaro
1291 4903 1455 4974 apostolicos
1476 4901 1583 4959 latiores
1595 4903 1785 4975 curriculoque

156 4989 210 5042 τῶν
223 4991 412 5047 ἀπσστσλικῦν
428 4995 479 5068 ήδη
502 4998 685 5068 περιγίγονας
703 4999 793 5051 πόνων
813 4997 861 5051 καί
883 4997 945 5068 δρά-
1000 5001 1149 5066 superasti:
1165 5007 1197 5051 ut
1210 4995 1276 5052 nihil
1288 4995 1406 5063 amplius
1417 4994 1466 5049 uhi
1482 4988 1516 5049 ad
1527 4994 1672 5064 apostolici
1690 5011 1786 5051 mune·

159 5096 233 5150 μιον·
247 5082 286 5145 ὡς
302 5085 387 5154 tandin
406 5088 492 5142 ἐνδεῖν
514 5090 565 5162 hisp
582 5090 709 5162 σοι’πράς
726 5089 876 5160 ἀποστολὴν
898 5090 946 5142 καί
1002 5087 1041 5142 ris
1057 5085 1241 5151 sanctionem,
1265 5094 1292 5143 et
1312 5085 1395 5140 divini
1415 5085 1491 5140 rerhi
1510 5084 1675 5155 praedicandi
1691 5101 1785 5142 susee-

155 5172 282 5245 διαδοχὴν
304 5177 353 5229 τοῦ
367 5178 442 5232 θείου
457 5180 646 5252 κηρύγματος,
664 5181 758 5234 'Aethi
774 5176 822 5234 σίν
841 5180 888 5233 καί
908 5179 947 5233 el·
1000 5177 1130 5246 pulonem,
1149 5176 1185 5230 sit
1199 5176 1342 5245 reliquunt.
1360 5174 1410 5230 uhi
1427 5174 1520 5245 igitur,
1534 5184 1561 5228 ct
1578 5176 1690 5231 rerlnrm
1706 5178 1785 5241 doce,

154 5263 240 5316 δασκα
252 5266 300 5318 τάν
312 5267 404 5335 λόγον,
422 5271 472 5324 καί
484 5271 530 5327 ιδν
553 5271 731 5340 εὐαγγελικλν
755 5270 820 5323 άνοε
835 5270 944 5341 δρόμον,
999 5267 1238 5337 erarrgelicomqne
1256 5281 1368 5322 cursum
1387 5266 1503 5336 perilce,
1520 5277 1546 5319 ct
1566 5265 1594 5320 in
1614 5275 1717 5334 partem
1733 5267 1785 5319 urci

155 5354 203 5407 καί
228 5356 280 5426 τὴν
306 5358 378 5428 ὑπὲρ
403 5361 523 5431 Χριστοῦ
541 5362 650 5434 μίρισαί
676 5379 720 5431 μοι
747 5361 874 5432 σπουδὴν.
898 5360 947 5413 Διά
999 5374 1049 5427 pro
1060 5358 1168 5411 Christo
1186 5355 1286 5410 laboris
1300 5355 1370 5410 reni.
1391 5356 1429 5409 Eo
1446 5357 1518 5408 enirn
1532 5354 1660 5408 Christus
1678 5362 1705 5407 le
1727 5369 1785 5407 ntea

154 5439 237 5494 τοῦτο
255 5443 312 5513 γάρ
328 5460 358 5497 σε
378 5448 428 5499 καὶ
448 5449 565 5521 Χριστος
592 5450 732 5514 ἐξελέξατο
748 5450 781 5503 δι’
804 5449 882 5520 ἐμοῦ,
904 5450 948 5504 ίνα
1000 5463 1080 5518 opero
1104 5447 1216 5516 selegit,
1239 5456 1268 5500 nt
1290 5446 1323 5500 ad
1345 5445 1524 5516 apostolicum
1543 5453 1570 5498 te
1588 5443 1670 5499 etionr
1688 5458 1787 5499 munus

160 5544 189 5581 σε
202 5533 252 5584 καί
272 5535 311 5595 είς
320 5535 474 5606 ἀποστολὴν
498 5541 717 5611 προσαγάγηται,
732 5541 779 5595 καί
793 5538 895 5612 ιινά[ς]
907 5557 947 5593 σοι
1002 5539 1181 5608 proveheret,
1200 5547 1228 5594 et
1244 5538 1337 5594 urheur
1351 5536 1469 5606 aliquam
1484 5535 1604 5593 nondum
1619 5532 1783 5595 Christiana

192 5685 200 5716 ¹
223 5687 385 5755 συμφθῦσαι
407 5688 556 5757 βασιλείαν,
576 5694 621 5746 καί
635 5695 687 5764 Χρ.

277 5779 412 5844 Peneon.
429 5785 486 5846 Gn.
508 5787 649 5849 LXXXV.
1530 5784 1567 5850 18
