3817 6075
82 270 135 362 aaa
691 298 822 358 caurus
847 298 1102 362 maurannus.
1652 312 1710 377 aaa

84 412 127 458 tos
151 398 318 462 interimant,
335 412 367 453 ac
391 397 542 470 dissipant:
562 399 745 472 paulatimque
775 406 867 472 perui·
883 410 904 467 Α
920 408 1014 462 loriter
1028 418 1056 463 et
1070 424 1119 465 uos
1134 410 1252 475 taudem,
1266 424 1327 466 cam
1344 410 1440 468 timore
1452 421 1479 468 ct
1491 415 1588 486 paarlio
1602 418 1635 473 tle
1657 435 1702 475 se-

85 492 266 548 ciusaanimac
294 499 321 544 et
337 493 591 561 corporispeccata,
606 492 754 564 ellectaqae
778 498 868 550 adui-
921 500 1014 569 pulcro
1028 504 1098 571 qaod
1114 502 1203 558 auimo
1218 503 1340 559 cernitar
1370 519 1588 576 prorumpamus.
1618 509 1702 566 Miror

86 584 171 638 tritam
191 583 316 648 rediparrt
331 599 338 636 :
356 583 435 635 modo
447 596 496 637 tros
521 583 622 638 intenta
642 594 723 654 atque
746 586 868 655 improba
920 593 1018 647 eteninr
1029 595 1162 663 quomodo
1176 597 1276 665 absque
1290 597 1397 663 timore,
1412 601 1627 669 artauduauideru
1657 619 1705 656 nc-

84 676 292 743 precationem
306 674 623 743 spebomiuamassidao
636 677 750 749 litigare
765 692 870 736 ueces-
920 683 1605 750 moestsinepeccatu,sirelloseu,sivel‘etram
1634 704 1701 756 arro·
1795 714 1798 718 v

84 781 186 821 seruus.
919 770 1017 825 stolam
1026 771 1111 828 dicas.
1123 770 1311 830 Verumtamen
1322 776 1348 829 iu
1362 777 1403 831 bis
1415 777 1505 831 diuina
1519 779 1637 836 ebaritas
1648 783 1704 837 ric·

122 863 247 931 libaid
278 873 318 918 est
341 862 411 933 qaod
431 877 464 917 cx
494 876 542 917 ure
568 863 668 918 malitia
695 866 868 934 paruulorum
921 864 984 922 tria,
1001 872 1119 929 tempore
1130 865 1292 934 egressionis
1307 865 1379 922 laras
1391 869 1472 921 mittit
1489 870 1623 926 timorem.

85 954 209 1008 ctrrana
226 955 329 1009 latrdem
346 953 468 1022 perlicit?
493 955 533 1008 An
559 959 681 1021 omniuo,
693 967 720 1011 at
733 973 781 1028 per
799 958 869 1012 barac
954 951 1025 1007 xlv.
1039 953 1125 1007 Etiam
1152 956 1267 1010 motibus
1281 958 1385 1010 ritimis
1414 960 1578 1027 implicatas,
1601 964 1624 1018 si
1648 973 1706 1018 tuto

86 1042 265 1097 laudationem
282 1042 419 1095 inimicum
440 1054 467 1097 et
495 1042 608 1098 ultorem
630 1046 770 1102 destruatl
783 1047 870 1102 iuirui·
920 1045 1001 1097 corde
1015 1045 1168 1106 crediderit,
1180 1060 1294 1115 seseque
1309 1047 1501 1115 lururiliauerit,
1512 1053 1630 1119 apathia
1641 1071 1703 1119 arra·

86 1130 870 1198 carnquidemvittatamaltoremterasceleramdiabo·
921 1136 985 1189 tiam
1018 1137 1192 1205 adipiscetur.
1223 1137 1351 1192 'testatur
1379 1140 1404 1191 id
1431 1140 1580 1209 Scriptura.
1619 1144 1703 1200 llodr'e

89 1219 154 1273 laur.
172 1220 265 1290 ltaque
280 1229 307 1276 et
321 1236 369 1276 nos
387 1220 529 1276 Dominam
544 1238 604 1278 carn
622 1226 794 1294 simplicitate
814 1226 867 1282 cal·
919 1243 1020 1281 tuectun
1033 1228 1083 1282 eris
1095 1229 1304 1291 itinerariam.
1320 1228 1364 1291 Et,
1375 1227 1455 1285 fider
1474 1236 1679 1303 tauteaolronti
1691 1265 1704 1277 -

88 1309 236 1372 laudamus,
247 1310 348 1365 irrirrrici
359 1311 571 1368 machinationes
583 1318 748 1371 conterimus
762 1323 789 1370 et
823 1318 869 1372 de·
919 1321 966 1383 cit,
979 1320 1044 1374 uude
1058 1321 1085 1373 in
1099 1336 1163 1385 poce
1176 1319 1207 1374 ¹⁸.
1224 1321 1257 1374 Et
1267 1334 1433 1389 qrraecuarpae
1447 1335 1507 1376 saut
1530 1323 1608 1393 lurjus
1623 1341 1704 1393 gorre-

87 1402 228 1456 straturus.
245 1400 277 1455 lu
289 1402 456 1457 multitudiue
468 1406 535 1458 eninr
553 1406 644 1476 plorioe
658 1418 710 1464 ttroe
723 1410 868 1464 contrivisti
919 1409 969 1465 ris.
984 1410 1018 1464 Et
1033 1411 1059 1464 iu
1070 1422 1198 1465 autumno
1216 1410 1321 1467 livescit
1337 1426 1399 1478 ara,
1413 1421 1438 1467 et
1455 1419 1599 1469 secandune
1625 1417 1704 1484 ficiem

87 1492 165 1556 bellu,
182 1508 205 1547 er
220 1493 383 1547 aduersarios
394 1506 573 1565 oppoununtur
593 1515 639 1552 uoa
651 1498 674 1552 ¹.
856 1506 858 1509 ⁴
919 1511 1031 1559 cestram
1043 1500 1088 1568 pet
1106 1500 1178 1556 aubia
1198 1500 1230 1557 ¹⁸.

122 1581 176 1639 llll.
194 1582 222 1638 Si
238 1585 298 1652 rpais
313 1584 467 1653 apparuerit
478 1586 630 1653 abortivas,
643 1588 781 1645 dimidiam
798 1604 869 1647 rrauc
955 1591 1013 1648 tt.
1026 1592 1139 1659 Quando
1150 1602 1238 1647 motas
1248 1593 1330 1647 auirui
1344 1609 1358 1647 a
1371 1604 1443 1649 recta
1468 1604 1573 1649 rattoue
1597 1597 1699 1651 alienos

87 1674 178 1727 caruis
203 1688 259 1727 suus
283 1675 413 1729 deuorare
434 1672 545 1743 dicitur,
573 1675 714 1733 dimidiam
731 1680 758 1733 ia
778 1677 869 1733 lutaro
920 1687 1052 1748 salientes,
1069 1683 1277 1753 cogitationibus
1291 1683 1443 1739 libidinosis
1459 1685 1579 1740 acrirrsa
1603 1687 1702 1742 denra-

86 1765 194 1820 saecalo.
214 1763 239 1817 F
241 1774 330 1820 ructus
341 1768 408 1821 euim
423 1767 471 1822 rite
483 1783 539 1824 aete
555 1769 663 1834 quilibet
678 1772 793 1826 comedet
810 1772 832 1827 ¹.
885 1744 906 1800 B
921 1775 999 1830 nibus
1018 1774 1187 1839 infestamur,
1200 1782 1264 1827 tuuc
1279 1774 1363 1842 magis
1375 1774 1401 1827 lu
1415 1772 1515 1829 Christi
1533 1774 1586 1829 llde
1602 1776 1704 1831 constr·

123 1857 190 1913 lltll.
203 1858 415 1914 Palclrcrrimam
427 1862 559 1931 jejuniam
571 1863 670 1931 eligere
684 1866 765 1919 debet
777 1880 869 1919 morra·
920 1878 1036 1930 uramrrr,
1050 1874 1076 1919 et
1090 1862 1124 1918 ad
1137 1864 1205 1918 bona
1228 1865 1392 1934 sempiterna
1420 1865 1599 1933 exspectanda
1628 1882 1702 1934 spem

86 1951 155 2004 alans
171 1968 178 2005 :
195 1966 247 2004 non
262 1951 365 2006 servire
380 1952 484 2008 scilicet
495 1953 585 2022 prauis
599 1955 681 2009 animi
698 1956 826 2024 motibus,
838 1964 867 2012 et
920 1952 1065 2009 firmiorem
1079 1954 1270 2025 conspicimus,
1287 1954 1386 2024 quibas
1401 1967 1449 2010 uos
1471 1955 1581 2021 privari,
1604 1965 1632 2012 et
1656 1972 1703 2011 ex·

87 2041 309 2105 tranquillitatem
324 2042 421 2095 meotis
433 2037 566 2097 summam
580 2057 687 2115 semper
697 2043 830 2101 excolere.
920 2043 989 2097 cludi
1005 2058 1037 2098 eat
1052 2043 1200 2098 invidentia
1212 2042 1348 2098 demones
1359 2045 1478 2098 student.
1488 2041 1546 2097 Nisi
1570 2045 1641 2098 euim
1657 2058 1703 2097 as·

122 2132 167 2187 tlt.
183 2133 331 2193 Daetlttlttes,
347 2133 390 2201 qai
402 2130 586 2203 bagrautodio
602 2134 752 2190 animarum
763 2142 869 2191 nostra·
919 2143 980 2188 seat
998 2134 1068 2188 bona
1085 2133 1128 2188 illa
1150 2134 1233 2189 multo
1247 2135 1376 2200 utaairua,
1392 2135 1463 2190 baad
1490 2136 1525 2188 ita
1544 2134 1582 2188 illi
1604 2135 1703 2189 itrridia

87 2230 158 2287 rani,
174 2225 303 2295 qrrosdaur
321 2227 444 2288 latitant,
457 2236 485 2280 at
498 2225 573 2280 uobis
584 2225 701 2290 laudem,
718 2241 766 2282 ceu
785 2229 869 2296 lrigas
920 2220 1038 2291 accensi,
1054 2225 1176 2280 sordidas
1187 2226 1363 2296 cogitationes
1375 2224 1472 2280 crebro
1497 2226 1523 2279 iu
1551 2240 1599 2279 uus
1623 2226 1702 2295 jaca-

85 2321 220 2389 qaoddaru
251 2316 331 2371 letale
345 2316 511 2382 impertiant.
532 2315 633 2372 Deinde
653 2319 795 2373 hurmntaa
820 2335 869 2376 nos
919 2313 1052 2381 lareutar,
1067 2316 1094 2369 iu
1107 2317 1159 2371 lroc
1174 2326 1199 2371 et
1215 2316 1327 2371 insanias
1339 2330 1395 2370 suaa
1415 2315 1614 2381 satisfacturos,
1629 2326 1657 2370 et
1670 2316 1703 2369 ad

85 2430 116 2465 ea
131 2408 254 2473 rtrllrrurli,
270 2423 301 2461 aa
315 2407 433 2463 dissolri.
446 2408 512 2462 Cum
536 2408 573 2462 ita
587 2408 714 2477 opinione
735 2409 768 2463 de
789 2410 866 2465 uobis
920 2405 1137 2474 desperationem
1164 2422 1216 2486 aas
1244 2422 1293 2476 peu
1315 2406 1426 2461 maltam
1455 2415 1482 2461 et
1505 2406 1703 2462 intolerabilem

89 2501 187 2566 iollati,
201 2514 274 2555 tauae
287 2500 480 2570 glariaelocam
504 2498 665 2562 dederimus,
690 2515 745 2555 rem
768 2499 874 2556 iactam⁴
920 2498 1071 2553 molestiam
1084 2498 1246 2567 impulsatus
1267 2499 1441 2552 arbitrantes.

89 2597 188 2649 lrabeat
198 2594 298 2648 trisulci
313 2593 413 2659 rostri3
428 2607 477 2648 uec
487 2594 520 2648 de
534 2606 632 2648 catera
645 2592 768 2650 laborant
779 2605 868 2651 ataot
954 2589 1024 2643 lttt.
1040 2589 1186 2644 Sclenrtam
1200 2589 1379 2652 verissimam,
1392 2602 1453 2645 esse
1467 2590 1562 2657 pratia
1579 2589 1699 2643 nonaulll

89 2690 209 2755 captiuus
221 2685 330 2740 laciaut.
920 2679 1086 2734 existimant.
1104 2678 1271 2747 Quapropter
1287 2679 1415 2746 operibus
1440 2678 1506 2746 ipsis
1522 2682 1612 2747 potius
1628 2686 1655 2732 ct
1670 2679 1701 2729 tt·

123 2776 155 2831 ll.
170 2776 251 2845 lingis
266 2775 448 2828 mediatorem
465 2774 638 2839 amplectere,
651 2780 731 2843 duam
741 2774 863 2831 laarlata·
920 2771 991 2831 dem.
1008 2780 1035 2825 et
1046 2769 1184 2825 scientiam
1197 2780 1269 2824 taam
1286 2782 1385 2824 conare
1400 2769 1553 2824 ostendere.
1569 2767 1619 2835 Qui
1631 2770 1704 2821 enirn

85 2884 153 2930 rem,
170 2870 215 2936 qai
232 2882 247 2921 a
263 2866 438 2920 maledicente
482 2865 549 2919 nibil
568 2862 667 2931 diflert,
687 2878 716 2920 at
740 2867 869 2937 scripturas
919 2864 975 2917 sola
989 2862 1101 2917 scientia
1113 2860 1219 2916 inllatus
1241 2869 1292 2925 est,
1309 2853 1408 2924 audiet,
1428 2859 1491 2928 qaia
1506 2858 1587 2913 Deum
1602 2871 1630 2913 ae
1644 2872 1708 2911 corr-

84 2969 124 3013 est
136 2975 151 3010 a
165 2956 320 3011 Plutarclto.
920 2957 1028 3023 fitentur
1039 2971 1124 3015 uotae,
1144 2954 1222 3023 {ostis
1233 2962 1321 3009 ostem
1335 2962 1430 3023 uepout
1446 2953 1481 3006 ¹¹.

125 3046 169 3100 ltl.
180 3049 209 3100 St
221 3049 358 3100 studiosus
372 3047 479 3101 uirtutis
491 3044 643 3117 jejunandi,
656 3055 765 3119 propter
775 3061 905 3129 carpo-0
958 3046 1040 3104 ltttt.
1055 3046 1091 3103 tu
1103 3048 1246 3115 plurimam
1261 3057 1381 3115 tempore
1398 3045 1526 3100 lectorum
1541 3044 1659 3111 dierunt,
1675 3052 1703 3100 et

85 3139 123 3194 ris
138 3139 321 3193 infirmitatem
338 3155 369 3194 ea
384 3139 463 3209 potui
476 3153 603 3207 rreaaeas,
618 3151 646 3195 et
659 3141 866 3196 coutritocorde
916 3151 1074 3199 sanctarum
1090 3152 1239 3209 synaxeos,
1253 3136 1475 3207 potissimumque
1489 3151 1549 3189 caru
1565 3135 1599 3188 ad
1612 3134 1701 3206 nysa·

85 3234 119 3286 ad
142 3231 377 3302 gratiasoruuiam
391 3231 558 3300 procuratori
574 3228 691 3300 etjadici
711 3231 828 3299 agendas
841 3239 867 3284 tc
917 3248 976 3289 caru
993 3244 1112 3284 mensam
1135 3228 1317 3282 accedendum
1340 3235 1394 3289 est,
1419 3228 1556 3281 daemoaes
1584 3233 1704 3280 ascetats

83 3335 236 3380 corruentes.
256 3326 311 3392 ipsa
326 3323 474 3392 gratiarum
495 3321 568 3376 actio
590 3321 623 3376 ad
649 3320 864 3375 misericordiam
917 3319 1017 3378 odiosis
1038 3327 1065 3374 et
1084 3319 1197 3388 imparis
1214 3318 1419 3387 phantasmatis,
1439 3319 1624 3386 genituraque
1637 3330 1701 3385 pro·

87 3416 141 3469 beu
163 3415 210 3468 tibi
235 3412 426 3484 reputabitur:
450 3415 473 3470 si
505 3413 585 3468 modo
609 3422 635 3467 te
660 3411 789 3466 lrumilem
817 3411 868 3465 llo·
915 3413 997 3470 llario
1009 3412 1291 3482 iuquirrarenituntar.
1306 3409 1358 3465 Sed
1370 3423 1457 3480 traque
1467 3409 1555 3464 istlurc
1567 3410 1703 3480 frangent,

86 3508 159 3559 nrino
170 3521 276 3574 semper
291 3504 451 3577 prestiteris
480 3514 506 3561 et
521 3503 621 3559 ucruinl
635 3517 754 3574 anquam
770 3512 796 3558 te
812 3517 864 3556 an·
917 3516 963 3562 aut
976 3507 1159 3568 eueraalrant,
1178 3503 1240 3572 qaia
1258 3503 1348 3557 omnia
1366 3502 1513 3557 toleranter
1525 3517 1556 3555 ac
1573 3514 1704 3570 gerreroso

918 3598 1007 3652 auimo
1023 3595 1094 3651 lerre
1114 3596 1264 3650 consueuit.
1291 3594 1333 3649 Ne
1353 3595 1434 3664 ipitur
1455 3595 1599 3663 plorientrtr
1611 3592 1703 3648 odm-

917 3701 975 3740 tttnt
992 3702 1038 3739 nor
1054 3684 1252 3747 accinctisque
1273 3694 1300 3736 ιιι
1313 3684 1436 3738 discincti
1448 3683 1481 3740 ¹⁸.

954 3772 1045 3829 xtltt.
1067 3772 1104 3826 lla
1120 3787 1230 3842 operam
1257 3787 1290 3826 ne
1316 3774 1407 3826 lrostes
1429 3773 1514 3827 nostri
1541 3773 1704 3827 alacritatem

919 3874 992 3920 laam
1020 3864 1173 3927 retardant,
1204 3864 1287 3918 uariis
1311 3872 1339 3917 et
1368 3862 1481 3918 occultis
1512 3865 1704 3920 tentationibus

918 3958 1034 4011 auiruam
1049 3955 1256 4022 colaphizantes.
1270 3952 1337 4008 Naum
1352 3968 1386 4008 ex
1402 3953 1492 4008 maltis
1517 3963 1544 4008 et
1559 3953 1704 4022 inexplica-

919 4045 1016 4100 bilibus
1030 4044 1249 4099 tribulationibus
1264 4059 1363 4098 coroaa
1382 4043 1430 4097 tibi
1443 4044 1596 4098 conteritur
1615 4060 1623 4097 a
1640 4052 1666 4096 et
1679 4044 1704 4096 iu

919 4133 1122 4189 iullrmitatibus
1145 4133 1246 4189 Christi
1270 4133 1356 4186 rirtrrs
1375 4132 1562 4202 perlicitar,et
1582 4132 1608 4184 in
1633 4141 1705 4186 statu

921 4223 1049 4283 tristiore,
1062 4224 1174 4292 spiritus
1186 4223 1272 4291 gratia
1287 4220 1445 4289 elllorescit,
1460 4237 1491 4278 ac
1506 4223 1582 4278 uitet.
1600 4221 1701 4280 Lauren

920 4315 989 4369 eninr
1003 4314 1158 4384 pentibrtain
1172 4312 1284 4368 tenebris
1295 4324 1415 4368 exortatur
1443 4324 1481 4369 eat
1499 4316 1520 4348 Π
1535 4335 1542 4369 :
1557 4315 1579 4369 si
1595 4319 1704 4384 quidem

86 3600 245 3666 teposaeris.

120 3690 177 3747 lttt.
192 3690 287 3746 Sciens
303 3689 429 3743 inimicas
440 3687 588 3742 orationem
601 3687 679 3743 nobis
692 3700 753 3741 csse
766 3698 866 3757 propa·

85 3785 243 3852 gmrricem,
255 3782 305 3836 sibi
322 3780 526 3847 iusidiatrrcent,
541 3778 574 3831 ab
589 3792 674 3846 eaque
694 3791 742 3831 uos
762 3777 868 3830 abstra-

87 3877 152 3930 trare
176 3875 299 3940 matteas,
325 3874 357 3927 ad
377 3872 531 3929 Graecarum
559 3870 775 3938 disciplinarum,
802 3881 870 3936 tpttas

88 3969 268 4025 deseruimus,
282 3966 443 4019 desideriam
462 3963 566 4016 anicitus
577 3973 683 4014 nostros
698 3957 866 4024 exstimulat,

89 4067 118 4107 et
137 4058 170 4107 ad
182 4055 215 4106 iis
230 4055 376 4108 uacaradrtm
393 4054 525 4108 bortatur.
543 4052 591 4103 tlar
614 4048 801 4117 obtemperare
820 4061 867 4100 ca·

93 4157 213 4208 renarras,
226 4156 259 4195 ue
275 4157 335 4196 carn
352 4146 385 4196 ab
396 4143 482 4197 orbita
500 4153 526 4197 et
542 4142 648 4194 tramite
678 4145 791 4194 catturae
822 4152 868 4192 uo·

93 4244 157 4286 strae
179 4232 402 4294 aberraverimas,
423 4249 472 4302 pro
492 4218 632 4286 lnalr'irsct
648 4229 707 4283 aris
727 4227 817 4296 spinas
842 4235 869 4281 et

91 4323 203 4380 tntralos
224 4318 365 4380 metamus.
388 4324 528 4396 Sapientia
555 4325 649 4394 quippe
672 4322 751 4392 baina
778 4321 869 4376 usundi

88 4419 202 4469 ataltrtia
215 4418 284 4484 opud
297 4417 378 4472 basar
395 4426 534 4483 reputatur
545 4416 567 4469 '.

124 4507 190 4561 xttt.
205 4508 338 4564 Gaudium
364 4527 499 4577 maprrmn,
521 4508 618 4578 inquit,
632 4505 759 4560 annuntio
783 4503 866 4570 subin

87 4605 155 4668 qaod
171 4600 220 4653 erit
236 4602 307 4653 omni
323 4600 418 4671 populu
437 4601 469 4664 ¹·,
487 4615 538 4652 uon
551 4597 620 4667 parti
634 4596 735 4666 popab.
747 4593 790 4657 Et,
806 4592 870 4650 Om-

875 4407 905 4462 tt
922 4407 1045 4461 itdaeiam
1070 4415 1097 4461 et
1114 4406 1300 4476 gloriationem
1322 4406 1379 4475 spei
1396 4407 1429 4460 ad
1448 4407 1529 4461 lluem
1548 4420 1634 4477 usqne
1650 4415 1704 4461 sta-

922 4499 1001 4556 bilem
1021 4499 1223 4553 retirraerimus.

918 4601 921 4607 ·
953 4582 1030 4639 -Nilril
1054 4599 1128 4653 aeqrre
1157 4585 1281 4639 virtutem
1308 4584 1449 4656 praliigare
1476 4594 1554 4650 soct,
1572 4593 1601 4638 at
1630 4599 1703 4639 scur-

89 4693 128 4743 ris
145 4706 214 4744 terra
228 4695 317 4745 adoret
330 4702 363 4754 re,
377 4703 400 4746 er
414 4691 507 4761 psallat
523 4690 570 4743 ribi
587 4688 620 4751 ¹¹,
638 4702 689 4741 uon
716 4700 781 4739 saue
807 4697 869 4753 pars
883 4714 896 4735 s
924 4673 1024 4741 ritttas,
1036 4683 1062 4729 cl
1074 4675 1175 4730 ludicra
1202 4687 1284 4743 atque
1308 4678 1395 4729 otiosa
1422 4676 1567 4744 colloquia.
1601 4673 1704 4726 Rursus

90 4795 176 4836 terrae.
193 4781 274 4848 Araul
290 4781 404 4849 psallere
431 4797 482 4835 aron
499 4778 653 4847 suppliciter
663 4778 807 4835 orantium,
822 4774 869 4829 sed
921 4768 955 4821 ad
972 4768 1091 4821 anistram
1108 4767 1284 4820 inveteratam
1310 4767 1500 4829 renouandam,
1515 4773 1542 4816 et
1564 4778 1624 4816 curu
1649 4761 1704 4816 lico

89 4886 250 4939 rsapuopere
270 4872 417 4927 laetantium
434 4879 484 4926 est.
501 4866 576 4936 Quod
597 4881 656 4920 cam
673 4866 709 4919 ita
724 4864 769 4925 sit,
781 4862 870 4918 ueatl-
920 4856 1127 4912 consociandam
1139 4853 1204 4907 nibil
1225 4866 1302 4918 aeque
1324 4850 1427 4905 coniert
1445 4859 1473 4904 ut
1495 4852 1575 4905 timor
1598 4851 1655 4914 llei,
1675 4861 1703 4906 ct

88 4979 168 5028 «param
185 4963 352 5030 abjiciendas
374 4972 416 5019 est
440 4964 560 5028 aairrras;
573 4973 667 5014 uerum
687 4971 747 5011 cam
778 4954 868 5008 latitia
919 4945 1034 5013 diligens
1049 4942 1172 5004 attentio,
1185 4944 1347 5010 assiduaque
1371 4941 1521 4995 rlirirroram
1532 4934 1721 5009 cloquiorrtra'

90 5052 142 5102 rita
160 5049 558 5122 tractransigenda,erdettla
582 5046 746 5116 scrupiturna
775 5043 867 5097 laetitia
918 5038 1129 5100 ῡθιῐιῐῐῑθῐιῑθῑῑθι
1153 5043 1180 5090 0¹
1200 5048 1296 5104 (illie
1315 5035 1376 5104 (1⁰5⁸
1401 5043 1526 5102 ¹l¹¹¹lll¹³ln
1551 5033 1634 5087 ”¹⁸5³
1661 5033 1703 5086 5¹¹·

87 5142 239 5204 garrulisque
256 5144 437 5212 cogitanam...
460 5138 639 5193 llrtrdmniaas
653 5136 744 5191 diuino
774 5134 869 5188 timore
919 5136 1008 5182 struat
1024 5137 1120 5192 oratro,
1133 5136 1160 5182 et
1174 5127 1335 5196 uigiliarum,
1346 5133 1374 5178 at
1387 5123 1454 5178 lucri
1469 5123 1703 5193 altcajrncoasae·

87 5235 208 5284 laetamur
221 5242 411 5299 teutpert-mas,
422 5233 491 5286 sicut
507 5232 543 5283 ait
559 5228 650 5291 Dauid,
664 5225 802 5281 Breuitate
817 5222 870 5276 Do·
924 5220 1000 5272 tatio.
1536 5277 1539 5282 .

93 5323 164 5374 nrirro
192 5339 250 5374 cam
278 5324 433 5376 treurors¹'.
451 5321 532 5374 llario
553 5320 624 5375 cuim
646 5332 705 5371 curu
723 5316 871 5376 tirrrore,et
958 5308 1026 5362 xlx.
1040 5308 1291 5363 Commodissimum
1319 5308 1398 5365 simul
1420 5318 1446 5360 ct
1463 5306 1635 5361 utilissimum
1659 5313 1700 5360 est

91 5425 218 5479 ardinor-e,
229 5424 256 5466 er
271 5416 367 5481 gaudio
380 5429 476 5482 magno
492 5414 612 5468 cucurrit
630 5426 644 5463 a
665 5407 798 5476 sepulcro.
820 5403 871 5458 Cc·
921 5401 1033 5464 anianae,
1062 5403 1185 5468 quamvls
1209 5399 1423 5465 tribulationem,
1451 5399 1508 5453 site
1531 5399 1564 5450 ab
1589 5395 1703 5451 lrouttui-

125 5607 285 5661 'litturrta
331 5606 433 5661 ‘Pron
451 5625 470 5671 r,
487 5609 531 5664 sl.
568 5603 794 5666 'lCor.rn,lil.
834 5570 855 5631 il
870 5598 934 5659 Lus·
952 5612 983 5657 ιι,
1002 5595 1045 5649 td.
1086 5595 1309 5661 necaturus.
1349 5594 1551 5657 ”Psal.tt,il.
1592 5593 1701 5650 wint&

89 5677 229 5744 latinii.
269 5678 290 5709 ¹³
306 5678 373 5733 Luc.
390 5693 439 5744 ιιι,
454 5680 497 5734 t8.
537 5673 762 5738 ”basternas
802 5672 822 5702 ¹³
840 5668 894 5725 Tu.
910 5681 929 5734 1,
949 5665 992 5720 ts.
1033 5664 1306 5736 ¹‘ltttteg.rr‚tt.
1347 5665 1553 5727 ¹⁷Psal.ttr,l.
