3817 6075
144 385 174 452 21
637 387 792 451 'CLAUDII
813 390 1020 464 MUSQUEII
1040 386 1245 452 sabama.
1722 390 1758 453 22

144 516 210 559 men
222 514 295 557 sane
308 515 401 576 quam
420 497 590 573 qtoriasum
603 499 763 578 principio
777 502 861 564 inter
884 504 1050 565 rotationis
1072 495 1262 579 inscriptam
1284 496 1453 575 pralocare
1477 497 1618 575 qesiiam.
1636 498 1759 563 Etenim

143 575 331 638 barentibus
341 575 499 637 bominum
514 575 669 649 consiliis,
686 596 755 638 eum
768 520 986 642 adduiiiaium
1002 590 1091 655 esset,

345 689 547 762 Quasiiumque
561 692 618 757 diu,
637 711 690 766 qua
704 699 813 753 undem
828 709 943 769 maeres
960 714 1023 755 arce

142 805 404 885 eapitisbumana
415 804 596 883 prudentia,
610 818 731 871 tanturn
742 815 928 875 sacratioris
943 813 1233 875 inAudamarenses
1252 808 1377 887 imperii
1387 808 1507 886 apicem
1525 831 1532 869 ε
1549 811 1757 884 eeceiu,Bia·

145 905 212 956 sae,
228 885 280 943 air
296 883 441 954 maxime,
456 901 568 962 maqna
581 887 747 949 eutestmn
771 900 799 951 et
818 891 998 952 mortalium
1011 892 1170 952 uoluntate
1186 886 1277 946 datus
1291 905 1322 947 es
1336 885 1622 948 Audamarensibus
1636 891 1758 967 episco-

146 980 218 1042 pus,
236 968 265 1020 et
283 976 388 1037 quase
402 958 500 1021 latius
515 966 705 1055 eorumjura
716 970 897 1047 porriqunt.
914 968 1032 1029 Gratus
1047 965 1168 1029 cunctis
1183 963 1304 1043 affctlsit
1319 964 1407 1025 illius
1422 963 1487 1025 diei
1499 962 1557 1037 sol,
1570 981 1630 1042 qua
1646 975 1682 1026 tu
1699 986 1757 1027 ur·

147 1043 214 1102 bem
226 1056 296 1099 curn
310 1054 400 1098 sacro
418 1040 567 1100 comitatu
581 1040 727 1105 inivisti!
741 1064 796 1106 nec
809 1057 871 1108 tam
885 1044 1015 1109 solemni
1026 1046 1094 1106 luce
1109 1051 1221 1103 renata
1232 1041 1428 1115 latabantur,
1442 1058 1532 1119 quam
1547 1050 1601 1101 tuo
1616 1054 1757 1120 aspectu,
1808 1085 1819 1109 .

147 1118 236 1253 oeq'us
250 1115 287 1175 ab
302 1133 354 1175 ore
369 1123 433 1175 talo
448 1118 609 1194 sapientia
630 1119 715 1182 radii
729 1124 959 1200 pramieabant.
984 1127 1027 1185 Te
1044 1131 1077 1183 ut
1098 1122 1195 1182 solen
1209 1117 1297 1179 urbis
1311 1117 1444 1179 alterum
1455 1116 1636 1197 spectabant
1651 1139 1661 1180 .·
1678 1131 1706 1182 et
1723 1133 1759 1185 ui

148 1196 172 1256 il
186 1213 200 1253 e
215 1195 282 1255 loca
306 1210 420 1281 supero
433 1194 503 1272 iuqi
521 1196 653 1272 quadarn
669 1201 842 1276 epita-tione
866 1219 898 1262 se
915 1210 1060 1272 renovat,
1077 1201 1123 1261 sic
1137 1210 1167 1259 te
1181 1195 1370 1257 dictitabant
1389 1205 1540 1274 perpetuo
1564 1197 1760 1273 neqotiarum

148 1272 222 1332 orbe
239 1289 271 1331 se
285 1269 499 1349 objicientium
513 1272 615 1335 lutari
624 1318 633 1347 ,
648 1278 747 1354 maqis
773 1281 931 1358 maqisque
944 1280 1094 1358 oeqelari.
1121 1276 1232 1338 Varius
1248 1282 1312 1333 turn
1330 1274 1453 1351 papuli,
1472 1282 1537 1332 tum
1556 1275 1759 1350 meqistanum

146 1348 185 1409 de
203 1359 255 1409 luo
271 1346 407 1408 adventu
420 1365 539 1421 sensns,
553 1368 662 1413 rumor
676 1356 794 1416 varius.
808 1345 870 1431 Oui
884 1359 1043 1418 rationum
1057 1353 1218 1415 momentis
1233 1361 1343 1412 ccenctu
1358 1350 1590 1428 perpendebant
1602 1355 1756 1425 exactius,

149 1445 189 1485 ex
202 1442 306 1485 rerum
319 1444 338 1484 a
353 1437 382 1485 te
395 1434 553 1502 qestarum
567 1431 780 1506 maqnitudine
795 1436 906 1512 [utura
919 1435 1145 1499 metiebantur,-
1167 1448 1202 1489 nc
1221 1445 1310 1501 sane,
1328 1429 1356 1487 si
1372 1426 1577 1507 quidq'udico,
1593 1428 1619 1488 ii
1627 1429 1756 1507 judica-

150 1504 233 1573 bant,
249 1502 414 1572 lilasceum,
429 1503 483 1580 qui
497 1512 542 1564 tot
557 1524 655 1566 annas
671 1507 711 1568 ad
722 1512 912 1587 pientissimi
924 1510 1046 1572 ordinis
1068 1504 1275 1571 Franciscani
1289 1504 1503 1582 qubernacula
1516 1524 1585 1564 cum
1600 1507 1757 1567 latissimo

149 1582 276 1658 fructu,
292 1590 319 1639 et
335 1597 451 1639 surnma
467 1581 562 1642 tentius
584 1580 713 1646 Ordinis
738 1589 966 1665 approbatione
994 1589 1141 1651 sedisset.
1160 1584 1215 1662 qui
1233 1582 1490 1643 Namurocnsiucn
1509 1583 1666 1642 ciuitatem
1688 1603 1759 1644 san·
1802 1578 1809 1588 ’

153 1658 288 1718 ctissime
303 1658 682 1731 eonstituisscr,etaracns
695 1665 846 1742 quoddam
861 1667 911 1727 sui
919 1665 1107 1727 desideriam
1120 1658 1273 1725 iisdemde
1287 1658 1600 1737 prouinciadecedeus
1615 1659 1675 1721 rcli
1697 1664 1761 1723 uis-

150 1744 206 1807 set,
218 1734 328 1812 qui,ul
342 1734 434 1793 rerba
449 1733 562 1809 dicam,
579 1741 758 1817 episcopum
772 1744 804 1803 in
819 1763 854 1803 ea
869 1746 990 1821 eqisset,
1004 1740 1246 1804 ceernuelatissime
1260 1747 1482 1815 prestaturum
1497 1737 1632 1816 officium
1650 1680 1761 1801 niiubi

149 1812 243 1874 detur
257 1829 329 1871 esse.
348 1813 393 1871 Ea
405 1814 649 1889 qratulabantur
663 1819 724 1879 sibi
735 1821 768 1881 'S.
782 1822 818 1882 P.
836 1822 872 1895 Q.
889 1822 926 1881 A.
945 1823 972 1881 F
974 1821 1098 1881 erebant
1113 1821 1186 1881 item
1201 1815 1352 1873 Blasccum
1371 1831 1430 1891 quo
1453 1824 1573 1874 natura
1592 1825 1759 1894 qratiaque

149 1888 310 1970 presidiis
325 1890 513 1950 commodius
528 1903 680 1968 uteretur,
694 1897 897 1974 eloquentiam
917 1898 1057 1960 subsidio
1073 1911 1278 1976 conseparasse.
1300 1891 1368 1953 Nan
1384 1888 1481 1963 illam,
1501 1908 1572 1970 quie
1589 1893 1710 1962 nubes,
1729 1902 1759 1953 ei

152 1969 379 2043 inuuiacnpuu.
395 1966 449 2026 sed
464 1985 503 2027 esc
516 1986 576 2047 qua
588 1975 678 2050 prius
693 1993 756 2033 esse
769 1977 838 2053 quis
852 1975 1023 2048 condiscat,
1040 1986 1068 2036 el
1083 1977 1230 2035 virtutem
1245 1972 1366 2030 colere:
1381 1968 1554 2047 cujusmodi
1563 1971 1758 2030 sanctissima

150 2049 219 2124 reqi
233 2045 341 2107 Nurnoe
354 2045 524 2123 Diouqsius
538 2052 797 2112 Halicarnasseus
812 2055 950 2114 Romana
961 2056 1083 2132 primus
1096 2054 1130 2114 ia
1141 2051 1274 2113 historia
1286 2047 1426 2112 ascribit.
1446 2056 1475 2105 el
1493 2046 1665 2123 l’bacqlidoe
1679 2049 1758 2107 scito

149 2123 354 2184 uincendum
371 2124 526 2184 nominaui.
545 2128 664 2197 Eienirqn
680 2131 784 2191 ἀσκεῖν,
796 2132 858 2202 ἥτις
872 2133 945 2202 μάλα
959 2133 1064 2194 πάντας
1078 2132 1180 2200 ὀνήσει.
1200 2127 1285 2186 Talis
1308 2134 1335 2183 cl
1358 2126 1392 2184 irc
1406 2124 1438 2184 S.
1457 2124 1556 2184 Paulo
1570 2126 1633 2203 [seit
1649 2124 1759 2203 jettle'ce

153 2204 232 2262 Diua
251 2199 470 2277 Clerqsostomo
500 2198 590 2261 libris
612 2199 654 2257 De
682 2199 878 2266 sacerdotia.
905 2202 969 2261 siue
993 2203 1035 2262 De
1052 2202 1253 2279 episcopatu,
1274 2220 1362 2279 quern
1376 2220 1439 2261 nen
1462 2203 1556 2260 aliam
1573 2201 1608 2261 ab
1634 2220 1760 2261 euersam

153 2280 310 2358 Lycaones
328 2277 512 2338 divinarunt
535 2294 598 2336 esse
613 2276 817 2338 Mercurium.
846 2279 963 2341 Vidisse
984 2277 1147 2339 miraculis
1159 2282 1448 2360 prasrtiqreranlern,
1466 2277 1627 2358 erqeesclam
1644 2278 1760 2340 divini·

154 2360 228 2418 tatis
244 2365 458 2434 armamentum
501 2356 580 2415 otreil
597 2353 697 2415 rideri
714 2375 724 2413 .·
740 2356 865 2417 audisse
878 2355 1069 2450 facundiam,
1086 2355 1120 2415 id
1132 2375 1219 2418 amne
1236 2360 1310 2437 [etit.
1327 2374 1385 2416 cur
1402 2357 1597 2416 Mercurium
1614 2359 1759 2435 suspica·

151 2445 273 2494 rentur.
295 2434 396 2512 liujus
414 2442 449 2493 tu
494 2433 624 2493 eseconis
639 2432 900 2510 qentiurnprenus
914 2434 1056 2510 aestiqia.
1069 2434 1282 2495 Reuerendiss.
1299 2435 1423 2498 Blasco.
1442 2434 1589 2508 quotiesc
1602 2434 1673 2493 vita
1686 2453 1762 2511 pra·

154 2514 248 2572 eistete
267 2510 307 2569 ad
319 2512 505 2572 sanctiorem
519 2510 718 2587 disciplinam
731 2509 830 2571 suada
843 2512 978 2592 populos
996 2511 1140 2589 impellis.
1161 2512 1277 2573 Felices
1298 2508 1367 2579 tali,
1387 2520 1533 2586 tantaque
1547 2511 1615 2569 oira
1637 2528 1761 2571 sacrum

156 2589 355 2667 presidatum
380 2590 510 2648 abeunte
537 2589 616 2648 eires
646 2589 772 2648 nostri!
798 2597 843 2660 et,
869 2606 928 2650 sue
950 2589 978 2649 si
1006 2588 1088 2649 bona
1121 2597 1254 2661 narrent,
1282 2587 1458 2666 feliciores!
1484 2587 1546 2647 Nec
1574 2605 1643 2647 uera
1671 2605 1761 2647 nasse

157 2686 220 2724 non
247 2676 386 2743 possunt.
420 2666 539 2726 Passim
566 2677 695 2725 cernerent
726 2667 761 2727 in
788 2667 906 2727 Blasreo
935 2683 1116 2744 expressam
1145 2665 1186 2727 ad
1215 2665 1361 2744 Apostoli
1397 2664 1535 2741 requiam
1558 2664 1681 2725 uiuendi
1708 2684 1761 2725 ra·

155 2745 494 2820 tioncm:immerqunt
526 2760 557 2800 se
579 2743 613 2804 in
637 2744 744 2821 templi
791 2745 965 2806 enetralia?
993 2744 1109 2803 ceteris
1140 2742 1316 2805 divinarum
1354 2739 1480 2801 laudum
1515 2742 1762 2818 praecentoribus

152 2821 283 2881 assiduo
298 2820 432 2890 audiunt
448 2829 681 2887 decantantem:
701 2761 807 2881 acuitis
824 2842 843 2882 a
864 2824 959 2885 ebora
975 2822 1009 2882 in
1029 2821 1187 2899 pulpitum
1213 2829 1392 2897 retorquent
1404 2821 1419 2878 i
1431 2818 1480 2879 oel
1496 2836 1617 2897 qreqem
1637 2820 1763 2882 Domini

149 2898 644 2977 diriuepasceutemaudiuntoel
658 2896 781 2958 audisse
790 2899 1016 2963 recordantur:
1032 2899 1304 2977 inepiscopiumse
1316 2906 1481 2976 penetrant
1490 2896 1668 3033 iqamiliam
1680 2916 1760 2957 eam·

152 2979 287 3056 positum
297 2977 468 3049 inueniunt,
479 2986 506 3036 et
517 2975 712 3054 sruqaiitalis
727 2986 787 3037 tnoe
800 2978 929 3056 vesliqia
935 2976 1066 3056 pedibus
1082 2978 1239 3056 oculisque
1247 2984 1473 3054 assequuntur:
1485 2994 1503 3032 a
1528 2979 1623 3034 arenti
1634 2994 1761 3050 coenem,

150 3065 183 3114 et
198 3052 354 3132 affabilem
369 3054 816 3132 reperiunt-ursummijuata,
836 3063 927 3134 utque
942 3056 1059 3134 infirmi:
1075 3063 1174 3115 tecum
1185 3055 1381 3133 epulantur?
1399 3054 1573 3132 exemplum
1587 3053 1624 3113 de
1643 3065 1698 3115 leta
1714 3072 1764 3113 sa·

151 3132 284 3194 brietate
300 3133 438 3210 capiunt.
452 3132 647 3210 Coqnascunt
661 3139 690 3189 et
702 3132 798 3193 altius
812 3133 991 3195 abstrusum
1002 3131 1208 3211 penetralium
1225 3141 1348 3193 tuarum
1361 3134 1512 3191 uirtutum
1519 3132 1764 3208 patenerrinum

152 3210 344 3276 comitatum,
359 3208 570 3289 prudentiam,
587 3211 772 3281 castitatem,
791 3212 983 3289 reliqionem,
999 3211 1200 3279 devotionem,
1219 3210 1425 3273 charitatem:
1441 3225 1516 3284 quas
1531 3209 1676 3275 uirtutes,
1704 3209 1764 3269 etsi

150 3286 349 3356 domesticas,
367 3289 462 3347 latere
480 3303 544 3346 non
556 3286 665 3346 sinunt
676 3287 834 3348 bominum
848 3290 942 3358 oculi,
954 3306 1019 3347 nau
1032 3288 1109 3348 sinit
1122 3290 1223 3366 [arnae
1238 3306 1304 3366 quae
1323 3287 1418 3345 simul
1433 3294 1494 3343 tam
1510 3294 1606 3358 certa,
1626 3296 1653 3346 et
1669 3285 1762 3362 lonqo

151 3367 305 3427 retroacti
319 3366 468 3443 tem'paris
482 3381 542 3423 usu
555 3367 761 3425 corroborata
774 3366 932 3427 bominum
946 3365 983 3425 de
1000 3376 1028 3425 te
1053 3366 1167 3426 'ecclisia
1187 3366 1288 3425 adme
1307 3364 1428 3431 attulit,
1445 3363 1538 3422 simui
1575 3363 1711 3440 erpulit,
1727 3371 1763 3422 ut

153 3443 269 3505 Basilii
290 3443 444 3505 Seleucia·
470 3443 611 3520 episcopi
632 3441 800 3506 Orationes
830 3452 981 3522 quotquot
1008 3385 1190 3504 &euenire
1213 3444 1434 3522 perrumpere
1459 3458 1525 3498 reeca
1566 3443 1650 3502 atine
1663 3444 1764 3520 [actas

151 3531 214 3582 tua
221 3522 414 3601 paternitati
427 3520 619 3581 desecratum
632 3522 763 3583 ueniam.
780 3522 878 3585 Notas
895 3523 986 3582 etiem
1000 3520 1110 3583 addidi
1127 3531 1218 3582 testes
1237 3521 1270 3581 in
1285 3520 1449 3585 basilium,
1467 3527 1496 3577 ct
1509 3518 1663 3579 Blasaum
1677 3536 1763 3577 men·

152 3600 196 3659 tis
210 3618 290 3661 mea.
309 3600 377 3674 Qua
394 3599 427 3660 in
441 3607 585 3677 suscepto
601 3617 621 3658 a
632 3616 688 3657 eree
703 3600 848 3668 consilio,
865 3597 967 3660 dicam
983 3600 1079 3661 libere
1096 3599 1173 3679 quid
1186 3614 1310 3677 sequar.
1327 3598 1444 3674 Maqnu
1457 3595 1570 3674 ubique
1585 3599 1619 3658 in
1639 3595 1766 3657 Oratio-

153 3677 245 3736 nibus
262 3678 299 3737 a.
320 3678 435 3738 Basilii
460 3675 533 3737 serat
554 3674 735 3755 eloquentiae
753 3677 889 3744 lumina:
906 3678 1047 3750 verebar,
1068 3696 1106 3737 ne
1131 3679 1179 3739 ecl
1193 3679 1324 3738 alterius
1344 3675 1458 3752 linqua
1477 3683 1626 3752 eqrstate,
1644 3674 1692 3734 ael
1708 3674 1766 3734 tm-

151 3772 243 3814 mana
256 3757 335 3817 nitio
356 3773 392 3815 ea
415 3755 532 3815 lumina
545 3772 577 3813 se
593 3755 628 3814 in
642 3754 753 3815 nubem
773 3753 942 3816 induerent
959 3755 1141 3816 :decretam
1163 3758 1267 3834 itaque
1292 3753 1369 3814 mibi
1387 3771 1406 3811 a
1425 3763 1474 3825 te,
1498 3751 1764 3813 Reuerendissimc

154 3830 283 3905 Blasae,
300 3843 328 3894 et
348 3831 607 3908 easqseisitissimis
621 3830 744 3893 artibus
762 3833 827 3894 tuis
842 3834 941 3894 lucem
961 3836 1101 3896 mutuari
1116 3855 1127 3894 .·
1142 3843 1178 3895 ut
1219 3851 1258 3892 uo
1273 3833 1377 3892 mium
1390 3847 1536 3908 passum,
1556 3840 1643 3891 tanta
1658 3830 1765 3907 capia-

155 3909 222 3969 sins
238 3909 274 3970 de
288 3911 423 3972 noncinis
440 3911 489 3972 tui
513 3908 678 3988 splendore
698 3920 810 3971 nostra
822 3912 924 3972 versio
949 3912 1165 3973 collustretur.
1191 3852 1329 3989 iraeque
1344 3910 1372 3969 si
1385 3911 1453 3970 aeri
1468 3911 1611 3987 referunt
1631 3906 1767 3968 Annales

158 3985 302 4046 Blasium
327 3986 456 4049 Clacedia
483 3988 632 4048 Marcello
657 3988 790 4063 favisse,
812 3994 980 4049 Romanam
997 4007 1063 4049 rene
1081 3991 1196 4069 [obisse
1211 4010 1222 4049 .·
1237 3997 1284 4060 iu,
1308 3988 1427 4048 illusae
1440 3987 1571 4048 Claudio
1590 3987 1767 4064 Dausqueia

159 4065 239 4140 reae.
256 4073 285 4124 et
300 4066 460 4125 Rauranum
478 4066 765 4144 interpretationem
778 4067 815 4127 ab
831 4068 958 4202 capace.
977 4067 1094 4128 Faaeat
1110 4076 1140 4128 el
1160 4068 1199 4129 D.
1215 4066 1354 4127 basilius
1377 4065 1515 4136 Biasao,
1533 4064 1578 4124 sie
1592 4064 1769 4142 apprecar!

162 4150 191 4200 et
212 4143 346 4203 Blasaus
362 4143 481 4205 Racilio
498 4144 541 4204 sit
557 4150 783 4216 ornamentum,
801 4152 865 4204 tute
880 4163 919 4215 a,
935 4145 1150 4224 patrocinium
1165 4165 1175 4204 :
1193 4152 1324 4222 uterque
1339 4142 1497 4214 versioni,
1513 4151 1641 4219 uterque
1661 4142 1768 4202 Socie-

159 4223 218 4281 tati
231 4229 353 4280 nostra.
371 4223 433 4283 Nec
448 4221 576 4300 raqabo,
591 4229 628 4282 ut
646 4220 799 4293 benevole,
818 4230 854 4282 ul
868 4225 1000 4284 leumane
1015 4224 1072 4284 boe
1088 4221 1235 4285 admittas
1252 4220 1419 4281 donarium
1433 4239 1442 4276 :
1457 4237 1513 4279 nec
1530 4221 1610 4278 cuim
1624 4221 1718 4281 aliter
1733 4227 1769 4278 tu

155 4307 261 4373 pates,
277 4301 331 4378 qui
345 4309 478 4377 quantus
493 4309 628 4377 quantus
643 4317 674 4359 ee
688 4344 696 4372 ,
711 4301 889 4362 bermanitas
906 4319 949 4366 es.
962 4302 1121 4363 Sermonum
1136 4301 1259 4364 Numen
1277 4297 1390 4368 orabo,
1404 4304 1432 4357 te
1454 4296 1510 4359 diu
1523 4306 1625 4359 seruet
1642 4297 1766 4378 patria,

158 4376 274 4454 ilelqia.
292 4377 449 4439 Ecclesia.
467 4378 495 4437 E
515 4378 672 4440 ltuacensi
684 4379 849 4441 sacietatis
869 4381 947 4441 lesu
960 4380 1091 4458 eolleqio
1107 4378 1220 4440 Idibus
1237 4377 1333 4441 Maiis
1348 4392 1401 4437 cra¹
1421 4393 1450 4436 ra
1471 4395 1512 4438 ar.

293 4477 378 4537 Tuus
394 4477 427 4536 in
442 4476 567 4538 Cbristo
583 4495 699 4548 seroces,
710 4476 757 4540 Cl.
775 4478 970 4558 Dausqaeius
989 4479 1159 4542 Audamar.

166 4677 324 4688 ...n—m*-
334 4682 636 4694 0—..s-0-0—0-0---000--0-
643 4688 660 4694 .-
669 4689 683 4694 ..
689 4690 695 4694 -
703 4688 797 4696 ...ω-..-

740 4842 811 4926 ΑΒ
849 4827 1185 4932 LECTOREM.

189 5047 250 5099 alie
269 5045 394 5114 proiecta
408 5047 434 5101 in
447 5050 569 5103 arriuuuu
585 5050 733 5104 demiserat
745 5050 885 5120 sapiaaiiae
894 5051 1055 5106 Ciuisiisnoe
1066 5066 1176 5107 saccum
1191 5049 1388 5113 Basilicarum
1406 5044 1616 5101 Ι111111111151111118
1630 5044 1769 5100 1115111101ῑὸ

155 5137 296 5207 popularis
310 5153 395 5204 arira,
416 5156 546 5209 sanaque
558 5141 649 5212 picariae
667 5141 801 5196 desideria
812 5148 930 5196 moniam
947 5150 1156 5219 expurgaverai:
1173 5149 1221 5194 aui
1240 5139 1340 5209 polius,
1356 5155 1391 5193 uo
1406 5139 1572 5198 inficeretur.
1589 5136 1770 5193 rnalurealla·

156 5233 320 5284 boran-crae:
336 5247 416 5299 quom
428 5248 539 5288 succum
551 5234 682 5305 sanguine
695 5233 751 5302 jain
762 5233 944 5295 >dirissimarum
958 5247 1021 5287 curn
1037 5232 1141 5287 nabiles
1157 5231 1256 5301 ingenii
1279 5231 1367 5294 daieS,
1382 5231 1491 5300 vimque
1505 5243 1614 5285 omnem
1629 5227 1713 5282 animi
1734 5228 1769 5283 nd

156 5320 237 5374 anius
251 5320 298 5373 bai
318 5323 381 5391 Opi.
399 5323 469 5377 Max.
484 5327 696 5395 contemplatam
711 5326 842 5380 uertebat.
860 5325 912 5380 Sed
933 5337 1045 5395 repente
1062 5326 1122 5378 riiae
1136 5324 1232 5377 cultrix
1248 5324 1291 5378 illa
1312 5324 1503 5394 tranquillitas,
1526 5321 1653 5394 arigalicae
1669 5318 1769 5390 quietis

155 5411 295 5474 imitatrix,
314 5413 414 5483 licique
431 5417 561 5470 laiseinais
582 5418 728 5487 iuiprasisa
743 5418 857 5487 quodam
877 5418 999 5471 Pranoeae
1017 5415 1119 5491 soriiee
1141 5416 1269 5486 abrumpi
1284 5417 1341 5472 cisa
1362 5426 1414 5483 ost,
1441 5417 1506 5472 dum
1527 5414 1561 5470 ad
1583 5411 1769 5470 Scicuciensis

154 5503 245 5572 gregis
259 5504 406 5559 rectionem
433 5505 640 5576 pastionesuqae
656 5506 739 5577 coepit
754 5507 852 5576 abripi,
865 5507 945 5569 trabi,
961 5507 1030 5578 cogi.
1048 5506 1170 5578 Magnam
1183 5515 1248 5562 tunc
1258 5508 1333 5562 illius
1345 5509 1461 5562 narnenl
1478 5522 1584 5578 magna,
1603 5514 1631 5560 ei
1642 5501 1765 5575 singula·

156 5591 196 5646 ris
209 5592 245 5647 dc
258 5593 318 5664 ejus
335 5594 406 5664 (riri,
421 5611 455 5651 aa
466 5596 646 5654 adolescentis
662 5599 700 5669 (a)
713 5600 735 5669 l)
758 5599 858 5665 indole,
876 5599 1038 5666 eruditione,
1056 5600 1200 5670 probitate,
1220 5599 1400 5657 sanctimonia
1424 5598 1602 5656 existimatio!
1620 5595 1675 5652 Neo
1688 5583 1770 5648 ainus

192 5747 230 5816 (a)
245 5744 310 5802 blial
328 5761 431 5802 tressera
443 5766 458 5800 u
474 5749 518 5803 ni.
702 5749 713 5775 ‘
