3817 6075
143 305 194 369 227
828 295 968 356 ortatu)
986 296 1066 356 xlx.
1715 291 1765 354 278

144 418 208 488 resq
227 414 295 486 τρδς
311 408 448 480 ,δεσπότην
469 407 633 479 ἐπτέρωται.
651 404 879 478 Προλαμθόινουτι
896 405 928 473 τῇ
947 409 966 462 Α
984 404 1055 456 rinnt
1078 409 1207 473 praterea
1223 399 1327 456 Domini
1345 399 1509 455 desiderium
1525 419 1532 455 ι
1559 401 1677 455 nondum
1696 417 1766 470 pm·-

143 508 242 578 κλησει
256 503 301 557 τόν
317 501 427 572 δρόμον,
452 500 646 572 προσωδῖνουσι
667 497 714 551 τοῦ
737 494 871 550 Δεσπότον
886 494 931 547 τόν
983 491 1081 546 dicatio
1096 491 1240 557 inclaruit,
1264 499 1291 545 et
1306 490 1339 545 ad
1353 505 1435 556 eunt,
1456 489 1501 560 qni
1523 490 1707 562 predicatur,
1722 506 1766 545 ac-

144 598 229 653 πόθον
245 595 313 668 (Ξῖ).
326 591 525 663 obstetricium
542 591 573 644 τὸ
584 591 726 664 κήρυγμα,
743 587 789 641 καί
803 587 870 657 πρός
884 584 930 637 τόν
983 593 1095 636 currunt
1110 600 1117 649 ;
1134 584 1220 637 adbuc
1240 582 1335 637 Petras
1349 581 1425 652 quasi
1451 582 1478 636 iu
1499 590 1576 638 utero
1601 581 1766 638 erudiendus

143 689 353 761 κηρυττόμενον
376 684 531 757 τρέχουσιν.
550 685 609 736 Ἔτι
627 683 730 753 Πέτρος
749 680 816 750 πρός
843 678 931 748 μαθη-
983 684 1102 742 gestatur
1115 712 1123 737 ,
1138 682 1163 727 et
1182 684 1273 740 gentes
1290 674 1322 726 nd
1336 673 1478 727 bominum
1493 682 1679 738 concurrrrnt3
1696 687 1761 728 non·

144 782 222 834 τείαν
235 777 424 849 κυοφορεῖται,
436 775 483 828 καί
497 774 532 826 τί
546 772 610 844 ἔθνη
627 772 694 843 πρὸς
716 768 854 837 Δεσπότην
870 784 932 819 συν-
984 761 1047 814 dnm
1063 761 1161 816 Pardus
1178 763 1289 832 fulguris
1306 776 1357 833 ope
1372 764 1421 818 snb
1437 762 1538 818 Christi
1553 762 1652 817 vexillo
1677 779 1764 820 tuere·

145 871 249 944 τρέχει.
265 867 351 922 botru
360 865 467 928 Παῦλος
478 864 511 917 δι’
525 864 668 934 ἀστραπῆς
682 860 870 931 ἐστρατεύετο,
884 856 931 909 καί
983 851 1046 915 bat,
1067 860 1093 906 et
1113 866 1202 922 regem
1219 852 1334 907 adorare
1353 862 1448 923 gentes
1463 853 1572 908 incense
1590 864 1763 923 praevertunt.

127 934 132 952 ¹
145 962 179 1016 τὰ
187 962 252 1031 ἔθνη
261 960 307 1013 τόν
315 958 427 1029 βασιλέα
440 958 602 1027 προσκυνεῖν
612 951 826 1023 προτεθθμηται.
842 948 931 1015 Ἰδοὺ,
985 941 1069 1006 ecce,
1087 942 1190 1010 inquit,
1216 944 1334 997 centurio
1354 959 1449 1014 repunt
1461 959 1536 1005 eunt,
1550 952 1574 997 et
1589 945 1699 1000 dicens:
1716 943 1767 999 llo·

146 1053 248 1123 qu·
278 1051 494 1117 ἑκατόνταρχος
526 1044 708 1114 παρακαλῶν
738 1044 851 1106 αὐτόν,
882 1039 932 1094 καί
983 1035 1148 1101 mine‚puer
1161 1049 1233 1089 utens
1250 1033 1321 1103 jacet
1339 1035 1369 1088 in
1381 1039 1445 1089 lecto
1464 1032 1646 1104 paralyticus,
1663 1045 1686 1089 et
1700 1035 1768 1088 mole

146 1142 262 1212 φέρων·
284 1142 383 1208 κύρια,
405 1137 576 1206 ὀααῑςμαυ
596 1131 836 1202 βόὸλητσιὲντηῑ
854 1132 934 1200 οἰκίᾳ
983 1135 1118 1197 torquetur
1130 1127 1164 1180 θ’.
1195 1125 1217 1181 0
1246 1126 1406 1181 miraculum
1431 1126 1511 1182 rnodo
1535 1141 1588 1182 nort
1614 1125 1765 1197 opinabile!

146 1230 362 1302 παραλυτικός,
388 1226 489 1293 δεινῶς
506 1225 755 1294 βασανιζόμενος.
770 1225 802 1276 'ss
817 1221 934 1293 παραδό-
985 1216 1054 1271 Puer
1076 1219 1196 1273 rrrembra
1218 1217 1383 1282 dissolutus,
1398 1217 1490 1285 iacens
1510 1217 1618 1272 domino
1638 1218 1766 1275 ducatum

149 1323 195 1389 ξου
212 1322 260 1377 νῦν
277 1319 433 1391 bulgaros!
457 1318 487 1373 '0
504 1320 568 1381 παῖς
590 1316 778 1387 διαλελυμένας
797 1314 932 1384 κείμενος,
985 1307 1085 1377 praebet
1112 1307 1145 1362 ad
1168 1306 1333 1362 Doruimrm:
1365 1306 1444 1378 109
1467 1308 1537 1362 serui
1566 1308 1675 1364 ntorbtts
1701 1308 1767 1363 bera

146 1410 319 1485 χεφηηςρης
332 1408 380 1462 wq
401 1408 532 1462 umam„
558 1407 625 1478 apl:
643 1407 689 1459 ςηρ
708 1405 933 1476 useedzqnqlvs-
985 1398 1129 1451 sanitatem
1157 1398 1295 1452 conciliat.
1325 1395 1403 1451 Serri
1422 1397 1592 1453 sanationem
1609 1398 1768 1469 perquirens

146 1522 202 1557 ται.
232 1504 264 1555 Ἡ
277 1502 323 1554 τοῦ
337 1494 442 1554 οἰκέτου
456 1499 534 1562 νότος
548 1499 598 1568 τῆς
610 1498 657 1551 τοῦ
672 1498 839 1567 κεκτημένου
853 1496 934 1566 θερα·
986 1487 1127 1542 Dominum
1153 1490 1264 1557 reperit,
1281 1490 1398 1559 dumque
1411 1489 1482 1543 serni
1495 1489 1674 1543 ualetudinem
1688 1504 1769 1544 vena·

146 1596 228 1658 τείας
255 1594 360 1661 ἐγίνετο
377 1591 516 1663 πρόξενος.
536 1590 622 1642 'luera
644 1588 738 1641 δούλου
764 1586 863 1657 ζητῶν,
889 1585 934 1639 τόν
985 1585 1049 1641 tur,
1080 1577 1109 1631 dt
1125 1579 1183 1647 ipse
1200 1578 1312 1632 barutino
1339 1577 1439 1648 praeda.
1478 1576 1769 1649 Seruusagrotatlone

145 1685 287 1753 Δεσπότην
299 1680 394 1752 ἐξεῦρε
408 1696 416 1709 ·
428 1679 476 1733 καί
491 1678 530 1749 τῷ
537 1678 629 1751 οίκέτη
639 1676 787 1747 θεραπείαν
800 1674 932 1746 θηρεύων,
987 1666 1058 1721 letali
1075 1676 1204 1738 aegrotat3
1221 1668 1267 1721 sed
1286 1667 1409 1722 dontinus
1435 1675 1498 1723 ante
1521 1680 1627 1722 serrmn
1640 1683 1770 1739 persana·

146 1771 231 1834 αθτός
245 1770 292 1824 τοῦ
315 1768 452 1823 Δεσπότου
466 1767 570 1837 γίνεται
587 1765 709 1837 θήραμα.
732 1765 761 1817 ’θ
781 1763 873 1826 δοῦλος
885 1762 934 1833 τὴν
950 1744 971 1798 Β
986 1764 1039 1809 tnr.
1078 1757 1178 1811 Seruus
1200 1772 1270 1825 ager
1296 1767 1336 1813 cst
1356 1772 1487 1827 corpore,
1504 1768 1531 1812 et
1551 1757 1651 1813 domini
1680 1758 1769 1814 anima

145 1862 195 1914 ἐπί
214 1860 323 1930 θανάτῳ
337 1862 419 1923 νοσεῖ,
440 1857 487 1911 καί
508 1858 523 1910 ό
538 1856 672 1924 δεσπότης
692 1855 744 1925 πρό
764 1854 869 1908 οίκέτου
890 1852 935 1906 θε-
986 1847 1180 1905 sanctificatur.
1204 1847 1255 1915 Qui
1267 1863 1317 1917 pro
1331 1862 1411 1903 serro
1427 1848 1587 1919 legationem
1599 1847 1656 1905 obit
1671 1887 1680 1915 ,
1697 1849 1723 1903 in
1739 1864 1769 1905 se

147 1950 269 2022 ραπείαν
291 1947 445 2020 κομίζεται.
464 1948 495 2001 '0
517 1946 609 2010 δοῦλος
624 1945 654 1999 τό
669 1945 748 2016 σῶμα
765 1947 848 2011 νοσεῖ,
862 1945 936 1999 καλό
987 1938 1213 1993 medicamentum
1231 1937 1440 2007 praeeonsnmit3
1463 1954 1672 2010 nequesertum
1692 1954 1769 2010 sprc-

147 2041 285 2110 δεσπότης
299 2040 348 2110 τὴν
364 2039 456 2110 ψυχης,
471 2035 633 2107 μγςάζεηαη.
649 2036 718 2107 ὑπὲρ
734 2035 838 2090 gutum,
868 2053 937 2107 αρε.
988 2029 1025 2081 rit
1044 2043 1092 2098 per
1112 2029 1298 2097 aegritudinem
1319 2044 1433 2099 corpore
1452 2031 1680 2085 distabescentem
1693 2048 1701 2086 a
1716 2046 1769 2087 uon

151 2130 276 2196 σόεόυν,
296 2132 336 2194 είς
353 2128 449 2183 ἑαυτόν
472 2128 710 2201 repausationem
724 2127 886 2198 φάρμακον·
905 2128 936 2181 σὺ
987 2119 1058 2174 serni
1071 2122 1233 2189 contempsit
1249 2119 1447 2178 afflictationem
1464 2122 1541 2177 berili
1553 2121 1623 2177 tastu
1639 2131 1769 2193 turgens:

147 2222 278 2294 παρεῖδεν
302 2220 411 2290 οἰκέτην
426 2221 459 2291 τῇ
482 2219 551 2289 νόσῳ
564 2219 595 2271 τό
606 2217 686 2289 σῶμα
699 2217 891 2288 φθειρόμενον·
905 2216 934 2270 od
989 2225 1079 2280 neque
1094 2225 1149 2279 prae
1163 2211 1320 2279 uoluptate,
1336 2228 1415 2281 qnam
1434 2227 1466 2267 ex
1486 2227 1631 2269 numeroso
1643 2213 1771 2270 satellitio

150 2311 308 2385 παρὲθλεηθε
321 2310 415 2363 δούλου
430 2309 516 2373 πάθος
529 2308 681 2377 δεσποτικῷ
695 2308 772 2379 τύφῳ
787 2307 938 2378 κρατοιῖμε-Ι
988 2301 1129 2370 capiebat,
1153 2302 1228 2370 pueri
1248 2302 1392 2357 immobilis
1405 2303 1506 2361 oblitus
1525 2314 1588 2362 est:
1603 2319 1696 2360 veruta
1711 2304 1769 2362 ubi·

149 2418 213 2464 νος·
233 2401 298 2454 odd!
327 2399 425 2471 πλήθει
457 2398 615 2471 δορυφόρων
642 2398 782 2470 ἐντρυφῶν
809 2398 952 2470 ἀκινήτου·
988 2390 1034 2445 bat
1049 2392 1214 2463 investigans
1231 2393 1351 2463 periculo
1368 2394 1528 2451 remedium.
1543 2393 1709 2452 Necacura
1723 2397 1769 2452 de·

150 2477 937 2561 παιδόςἑξελὰθετο·ᾰλλ’ὲμευνῶνπεριῄειτοῦκινδθνον
988 2482 1074 2545 stitit.
1094 2481 1157 2540 dnn
1186 2484 1289 2556 ipsein
1318 2486 1470 2542 catallonis
1489 2485 1590 2542 iontem
1618 2488 1769 2556 Ῑθθῑθθῖθίὶ

149 2580 351 2651 τδφιῖρμακον.
362 2578 420 2631 Ode
436 2576 573 2629 ἐπαύσατο
586 2574 675 2646 ζητῶν
686 2576 738 2639 ειυς
751 2575 832 2640 αὐτός
845 2575 938 2647 τητῆς
976 2579 1016 2625 -et
1041 2587 1091 2641 per
1110 2571 1306 2629 humanitatem
1328 2575 1406 2630 istaut
1428 2576 1462 2629 ad
1488 2577 1657 2633 inimicitiam
1681 2578 1769 2636 divina

151 2668 302 2741 θεραπείας
323 2669 411 2739 ’πηγῇ
444 2668 605 2737 περιέτυχε·
628 2666 675 2718 καί
698 2666 811 2735 γέγονεν
837 2667 854 2736 η
878 2665 939 2735 φιλ-
988 2662 1074 2731 patuit
1085 2662 1137 2728 ria,
1150 2663 1313 2734 inventoque
1323 2664 1427 2721 medico
1439 2665 1618 2724 calamitatem
1631 2670 1757 2730 denarrat

150 2760 296 2831 ανθρωπία
311 2758 448 2828 φιλοθελας
462 2757 529 2820 όδός.
547 2757 602 2809 Καί
617 2755 664 2809 τόν
677 2755 768 2826 ίατρθν
792 2754 880 2827 τόρὼν
898 2756 937 2809 όι-
981 2762 1015 2808 et
1028 2754 1229 2822 annotationem
1241 2755 1341 2824 tragice
1356 2765 1520 2827 exaggerat,
1533 2768 1563 2813 ut
1576 2760 1769 2817 immanissimo

150 2851 260 2920 ηγεῖται
273 2849 324 2921 τὴν
338 2848 490 2919 συμφορὰν,
500 2846 546 2900 καί
558 2845 589 2900 τό
599 2846 685 2908 πάθος
695 2846 861 2918 δκτραηῳδεῖ
871 2845 939 2917 πρός
988 2839 1097 2897 Cbristo
1124 2842 1387 2900 commiserationem
1412 2849 1532 2901 excitet:
1561 2845 1692 2922 Domine,
1707 2867 1771 2918 puer

149 2936 244 2994 οἶκτον
259 2940 351 2994 καλῶν
363 2941 412 2994 τόν
427 2937 635 3010 φιλάνθρωπον·
654 2938 752 3005 Κύριε,
767 2936 866 3003 ὀπαῖς
877 2955 938 3006 μου
988 2951 1061 2989 meur
1072 2934 1145 3004 jacet
1162 2936 1190 2991 itt
1213 2936 1291 2991 donno
1309 2938 1491 3009 paralyticus,
1504 2946 1530 2993 et
1545 2940 1613 2993 tttele
1624 2949 1768 3012 torquetur.

146 3030 295 3100 βίόληται
311 3030 346 3085 dr
361 3028 399 3100 τῇ
414 3029 493 3096 οίκίμ
502 3025 714 3098 παραλυτικὸς,
727 3026 827 3094 δεινῶς
838 3028 938 3094 ,Boou-
989 3025 1045 3082 u’ut
1059 3043 1154 3083 sertus
1166 3068 1174 3096 ‚
1187 3027 1268 3083 borno
1281 3037 1370 3084 tamen
1383 3037 1424 3085 est
1435 3069 1444 3095 ,
1454 3028 1501 3102 qui
1517 3031 1613 3086 morbo
1626 3031 1770 3089 detinetur.

149 3123 314 3192 νιζόμενος.
334 3122 367 3176 ut
381 3123 429 3177 καί
443 3120 561 3183 δοῦλοςό
576 3119 699 3190 κάμνων,
716 3118 775 3173 ἀλλ’
785 3119 938 3193 ἄνθρωπος,
990 3116 1029 3172 Tu
1046 3132 1079 3173 ne
1093 3117 1146 3173 nile
1170 3120 1308 3175 serritintn
1331 3123 1518 3192 spectaretis,
1534 3123 1582 3177 sed
1595 3126 1683 3194 potius
1709 3126 1772 3181 malt

150 3215 245 3287 φησίν,
259 3215 275 3268 ό
289 3211 328 3283 τῷ
343 3213 425 3267 πόθει
440 3210 637 3282 κρατούμενος.
651 3208 697 3280 Μὴ
709 3209 800 3280 τὸτῆς
817 3209 940 3274 δουλείας
989 3209 1203 3279 magnitudinem
1219 3225 1226 3262 t
1245 3211 1362 3284 paralysi
1377 3222 1530 3283 prostratus
1547 3224 1602 3282 est,
1623 3225 1773 3287 prostratus

149 3304 272 3372 cursile,
293 3303 361 3357 ἀλλὰ
374 3301 405 3355 τό
425 3302 476 3372 τῆς
488 3304 567 3357 νόσου
584 3301 722 3374 θεώρησον
746 3300 870 3371 μέγεθος.
891 3300 940 3353 Bs-
988 3307 1042 3365 est,
1059 3308 1087 3354 et
1099 3299 1195 3356 morbo
1209 3301 1337 3358 rinctus:
1360 3304 1467 3359 uinctus
1487 3304 1664 3362 dissolutione
1678 3321 1773 3376 corpo-

151 3394 251 3463 δληται
278 3392 478 3464 παραλυτικός,
507 3391 636 3463 βέόληται
669 3390 809 3463 δεσμώτης
840 3391 937 3446 νόσον·
989 3387 1029 3444 ris
1044 3391 1162 3460 grauiter
1182 3398 1334 3462 torquetur,
1361 3403 1390 3447 nt
1405 3409 1457 3449 non
1473 3405 1596 3451 mortuus
1614 3395 1772 3459 dissolutus.

149 3482 295 3553 δεδεμίνος
312 3486 346 3554 τη
363 3479 498 3534 'aduatuci
514 3480 745 3551 supercedentia<
760 3478 940 3549 βασανιζόμε-
990 3487 1073 3550 ntque
1085 3491 1209 3537 mortuus
1224 3482 1420 3552 dejectissimus
1433 3493 1494 3551 cst,
1513 3486 1662 3556 mortisque
1675 3503 1774 3543 aerum·

149 3573 268 3636 νος·όνς
283 3572 322 3644 μη
334 3572 430 3642 νεκρός
441 3570 628 3641 διαλυόμενος,
645 3573 683 3634 ὡς
697 3570 725 3624 δὲ
740 3569 835 3640 νεκρός
849 3571 878 3622 ἐν
892 3585 940 3622 τα-
989 3583 1039 3623 nas
1058 3568 1085 3624 in
1113 3571 1175 3627 νῖνο
1196 3574 1352 3629 circumfert
1376 3591 1500 3647 corpore.
1531 3576 1598 3634 Tam
1627 3580 1772 3638 miserabili

150 3661 293 3728 essuriret,
310 3663 358 3717 uel
371 3662 423 3726 τὰς
447 3660 495 3715 τοῦ
511 3661 628 3716 θανάτου
645 3660 790 3732 συμφορὰς
812 3661 843 3714 ἐν
857 3659 938 3725 ζῶντι
988 3657 1106 3714 dictione
1121 3660 1264 3718 Dominum
1284 3665 1408 3721 centorio
1424 3666 1578 3724 allectabat.
1600 3668 1669 3737 Quid
1692 3671 1775 3744 igitur

150 3753 298 3824 παραφέρει
323 3753 362 3823 τῷ
387 3751 506 3823 σώματι.
532 3752 677 3815 Τοιαθταις
702 3750 939 3818 ἐλεεινολοηίαιςό
989 3746 1023 3801 ad
1042 3762 1104 3804 enm
1123 3765 1228 3806 summa
1250 3753 1421 3826 benignitas?
1454 3755 1532 3829 Ego,
1549 3758 1774 3830 requiemnon

149 3844 349 3916 δκατόνταρχος
375 3844 421 3898 τόν
436 3844 576 3914 Δεσπότην
598 3842 746 3911 ἐφείλκετο.
760 3842 793 3894 Τί
806 3837 853 3893 οὖν
868 3839 937 3912 πρὸς
987 3838 1194 3896 όθνσθοιιιω”.
1209 3843 1274 3914 Ego,
1286 3845 1331 3914 qui
1344 3845 1481 3900 bominum
1492 3847 1580 3904 studio
1595 3850 1772 3906 inhominem

150 3933 236 3988 αὐτόν
253 3935 273 4004 η
300 3934 413 4002 όφθονος
440 3933 596 4003 ἁγαθότης;
615 3931 700 4000 Ἐγὼ,
726 3930 818 4002 φησίν,
841 3929 940 3985 ἐλθὼν
989 3944 1032 3983 me
1051 3930 1125 3985 indui
1141 3969 1149 3993 ,
1164 3933 1210 4002 qui
1227 3943 1337 4004 propter
1352 3951 1447 3991 omnes
1464 3939 1524 3993 reni
1538 3978 1545 4004 ,
1560 3955 1612 3994 non
1628 3956 1709 3996 unrrtn
1727 3944 1774 3998 de·

153 4023 335 4089 deportabam
357 4025 457 4078 αὐτόν.
479 4022 551 4091 Ἐγὼ
570 4023 614 4076 διὰ
634 4020 840 4092 φιλανθρωπίαν
860 4036 939 4090 περι·
988 4019 1303 4088 spiciam,curuloeum.
1321 4024 1498 4082 Benesscentia
1512 4043 1605 4098 preces
1617 4034 1772 4087 antevertit.

158 4111 485 4183 θαλλόμινοςόνθρωπον,
507 4113 584 4167 odel
604 4111 710 4176 πάντας
727 4109 822 4176 ἐλθὼν,
837 4109 896 4174 δνδς
908 4110 938 4163 οὐ
989 4108 1059 4175 Quid
1081 4124 1165 4179 ergo,
1187 4112 1231 4166 dic
1249 4114 1327 4180 mibi,
1351 4114 1474 4183 bomine,
1505 4131 1557 4171 non
1579 4133 1671 4186 parem
1688 4121 1772 4177 animi

161 4199 348 4270 περιόψομαι·
360 4203 528 4269 θεραπεύσω
542 4204 647 4258 αὐτόν.
672 4200 862 4274 Προλαμόόνει
880 4201 939 4261 ταῖς
989 4199 1225 4270 promptitudinem
1240 4202 1303 4259 inte
1315 4212 1394 4260 nacta
1408 4217 1450 4260 est
1471 4205 1629 4262 chananaea
1643 4208 1706 4276 lilia,
1722 4215 1772 4266 etsi

154 4289 328 4360 εὐεργεσίαις
337 4290 386 4353 τὰς
398 4291 510 4355 tutelae.
525 4292 558 4344 Τί
574 4289 631 4354 οὖν,
645 4292 706 4343 εἰπέ
720 4306 782 4361 μοι,
794 4289 937 4356 Δέσποτας
990 4307 1039 4363 per
1055 4303 1169 4347 matrem
1194 4294 1289 4350 eadem
1311 4298 1525 4367 deprecaretur?
1556 4302 1591 4355 tr
1612 4301 1656 4358 illa
1675 4319 1774 4375 rogans

154 4380 193 4449 μὴ
206 4378 353 4451 πἠςαθτῆς
363 4381 538 4455 δαοιμότητος
553 4385 573 4456 η
586 4383 635 4453 τῆς
645 4380 801 4444 Χαναναίας
815 4380 939 4450 θυγάτηρ
955 4396 1089 4468 ocenum
1107 4382 1166 4437 loco
1188 4399 1354 4457 numeroque
1366 4397 1426 4452 est,
1444 4400 1470 4445 et
1497 4400 1601 4460 portuen
1626 4395 1773 4463 quaeritans

152 4468 241 4539 ῖαυχε,
258 4469 305 4523 καί
322 4470 408 4525 ταῦτα
418 4470 480 4542 ’(ἳθ)
497 4472 546 4526 διδ
556 4473 658 4546 μητρός
672 4471 829 4525 ίκετεθουσα
844 4488 853 4536 ς
868 4472 937 4524 ’itii'
990 4471 1088 4528 fluctus
1103 4473 1263 4544 experitur,
1284 4486 1312 4533 et
1334 4479 1367 4533 ad
1382 4479 1465 4534 animi
1481 4481 1576 4537 ruinas
1587 4484 1692 4538 accedis
1709 4498 1774 4539 roca

158 4561 248 4629 ἐκείνη
268 4561 319 4630 μὲν
335 4562 462 4633 δεομένη,
475 4566 531 4628 τοῖς
541 4565 604 4617 κυσί
622 4562 938 4631 quaereremque
991 4563 1181 4632 increpitans?
1196 4562 1258 4620 Nan
1270 4576 1308 4621 ert
1320 4569 1526 4625 iouumsumere
1540 4587 1633 4640 putrem
1645 4573 1773 4638 filiorum,

157 4647 250 4717 λιμθνα
263 4650 382 4720 ζητοῦσα
400 4652 530 4723 κυμάτων
559 4656 678 4725 eruperat
704 4653 777 4724 (θθλ,
802 4654 849 4707 καί
871 4653 939 4723 πρὸς
989 4666 1013 4710 et
1026 4656 1129 4711 mittere
1147 4659 1257 4714 cunibus
1268 4660 1303 4715 ⁹⁹.
1323 4660 1372 4715 llic
1386 4677 1469 4731 prope
1479 4675 1541 4718 aute
1551 4664 1771 4734 supplicationem

156 4738 294 4812 τῇπληγη
318 4742 547 4813 τήςθνχῖης,καί
570 4744 678 4814 δαίτης
693 4745 741 4814 τῆς
768 4743 861 4814 φωνῆς
879 4744 939 4797 ires-
989 4746 1157 4802 curationem
1175 4758 1314 4816 reportat:
1332 4750 1412 4805 berus
1426 4750 1587 4820 prolarnnlo
1603 4765 1773 4820 ragansexn·

153 4828 317 4898 πληττεταις
334 4832 472 4886 οὐκέστι
485 4833 581 4888 καλὸν
594 4834 698 4888 ,διιδεῖν
710 4834 764 4888 τόν
777 4834 867 4902 ἄρτον
878 4832 939 4889 τῶν
989 4843 1065 4890 rator
1080 4835 1149 4898 duit,
1170 4846 1256 4888 mator
1277 4851 1326 4904 pro
1344 4836 1398 4890 fllia
1414 4840 1533 4905 rogitans
1551 4838 1612 4893 tulit
1627 4839 1771 4903 repulsam.

151 4915 266 4972 τέκνων
291 4920 340 4973 καί
351 4919 465 4985 βαλεῖν
475 4921 539 4988 τοῖς
556 4923 719 4991 κυναρίοις.
736 4923 834 4976 οὑτοσί
850 4923 878 4974 δὲ
894 4940 938 4992 pn-
989 4923 1060 4993 sed,
1081 4939 1098 4978 o
1113 4923 1251 4993 saptentiae
1264 4923 1343 4989 lons.
1358 4933 1386 4980 et
1398 4926 1510 4996 spiritus
1532 4926 1736 4999 intelligentiael
1755 4946 1772 4984 o

186 5073 208 5105 ⁸²
219 5072 315 5131 Hattb.
330 5090 392 5141 rur,
405 5074 432 5130 θ.
470 5077 494 5110 ’⁸
506 5074 574 5133 ibid.
587 5076 613 5131 7.
651 5076 674 5111 ’⁹
685 5076 779 5131 llattb.
799 5091 844 5141 xv,
858 5075 903 5129 26.

770 5224 821 5282 CL.
843 5224 1025 5293 utusottutt
1044 5226 1159 5285 ΝθΤΛό.

188 5380 245 5450 (θα)
270 5381 494 5449 Προσωόίνουσι
518 5381 570 5435 τοῦ
587 5382 740 5435 Δεσπότου
762 5379 816 5433 τόν
829 5380 933 5434 πόθον.
989 5390 1050 5435 ante
1077 5379 1183 5436 ludaeos
1205 5383 1309 5441 seilicet
1333 5406 1340 5444 τ
1364 5390 1460 5444 suadet
1483 5390 1509 5445 id
1530 5390 1753 5462 προλαμΰάνουαι

150 5450 181 5502 Si
194 5454 234 5503 sic
249 5452 329 5503 scribi
344 5451 584 5519 pronaseoupoq
600 5453 649 5505 boc
670 5452 696 5503 in
716 5450 865 5517 composito
882 5451 933 5503 erit
988 5451 1059 5516 quod
1073 5452 1217 5516 antecedit,
1235 5463 1263 5507 et
1277 5460 1347 5524 qrtod
1361 5459 1541 5527 subjiciturrr
1575 5461 1736 5535 τεθύμηται.
1763 5439 1774 5467 ⁰

147 5530 296 5589 preterea,
324 5522 432 5585 deirule;
456 5520 507 5575 bae
538 5531 627 5574 mente
653 5537 660 5573 ι
686 5517 876 5585 Ρνπίεσίῖνιιιιιι
900 5518 935 5569 ud
1026 5520 1200 5592 (θὸλΐαῦτα.
1218 5523 1414 5592 Congrueutius
1430 5529 1464 5582 τὰ
1481 5478 1574 5586 αὑτίτο

149 5588 287 5642 Ctrrittum
301 5590 432 5652 accedere,
447 5604 478 5642 oc
492 5589 585 5642 deinde
600 5589 752 5657 inqeueront
765 5585 815 5638 sibi
831 5586 936 5637 llomr'ni
1026 5590 1081 5660 (αθ)
1097 5591 1241 5658 Κυμάτων
1255 5594 1390 5661 nuperae.
1404 5597 1516 5669 Corrige
1527 5603 1666 5671 πειρᾶται.

150 5673 279 5711 amorem.
305 5657 408 5711 incline
423 5666 530 5723 tameo,
550 5667 579 5711 ut
594 5659 728 5712 scribatur
747 5653 933 5725 προωδίνουσι.
