3817 6075
565 338 607 401 lu
624 339 793 402 Psuttws
813 342 1047 406 FRAGMENTA
1552 342 1621 411 libb

126 450 180 521 τὴν·
191 449 430 520 decorticantur,
447 451 478 505 τό
485 450 535 524 τὴν
549 450 703 523 ίερωσύνην
711 452 780 524 πρδς
795 463 817 517 Α
832 470 943 522 ειιιιιιο;
962 456 1059 510 tabule
1076 455 1236 521 testamenti,
1258 455 1364 513 tabulas
1379 457 1440 514 nori
1454 458 1621 528 teatameutl,

126 546 161 609 λς
175 546 205 598 ἐν
219 543 331 616 Χριστῷ
346 542 533 615 τροδησεσθαι
549 544 599 599 καλ
611 544 642 597 τδ
654 544 776 598 τίλειον·
832 548 914 602 eorda
927 547 1033 602 scilicet
1048 547 1206 613 botniunm;
1222 561 1318 601 anrutn
1333 562 1366 604 ea
1378 550 1453 604 omni
1465 558 1543 619 parta
1554 564 1623 606 reu·

126 635 226 702 νίύκας
237 633 295 705 τῆς
314 634 471 703 διαθήκης,
483 634 534 698 τὰς
546 634 597 704 τῆς
611 633 709 705 καινῆς
722 634 780 688 δια·
832 646 893 693 trtra
918 636 1097 703 praesentibus
1110 638 1298 708 praestantiora
1318 654 1411 695 eoae...
1429 638 1563 711 Superque
1574 658 1622 695 ar·

126 726 238 799 κρκίνας
263 726 371 790 πλάκας
395 725 451 781 τῶν
472 725 613 799 καρδιῶν·
632 726 679 780 τδν
705 726 734 781 δέ
749 727 779 780 ἐν
833 743 891 782 enm
914 737 989 782 eraut
1005 727 1146 783 Cherubim
1160 728 1253 798 φίοιία
1266 730 1452 785 obumbrantia
1467 732 1624 800 propitiato·

126 815 215 885 ρυσδυ,
230 817 262 870 rb
285 816 437 890 τιμιώτερα
459 816 514 871 τῶν
538 816 683 889 παρόντων
708 812 778 871 τίνοι
833 819 912 873 rium.
927 816 986 873 lloe
1001 827 1063 874 erat
1076 817 1175 873 lamina
1195 835 1307 875 aureaa
1326 818 1428 877 ludaeis
1444 836 1516 877 arear
1533 824 1622 894 impo-

126 926 179 963 ιτα.
200 908 356 976 ’Υαεράνω
374 909 409 962 δὲ
421 906 475 977 τῆς
491 907 616 964 κιδωτοῦ
632 908 779 979 Χερουδίμ
833 908 896 973 είιο,
907 916 934 963 et
944 908 1162 979 propitiatorium
1172 911 1329 977 vocabatur,
1338 912 1400 980 quia
1410 911 1622 983 biedignantem

126 998 350 1059 κατασκιάζοντα
365 999 399 1053 rb
414 995 658 1067 λίαστήριον.’ίίν
671 1017 698 1053 τι
711 1016 780 1070 χρυ·
833 1000 919 1056 Deum
928 1014 991 1057 num
1008 1001 1075 1072 ipsit
1088 1003 1245 1057 conuersari
1259 1002 1464 1073 interrogabaut
1478 1004 1544 1073 qnid
1569 1005 1621 1059 albi

126 1088 188 1143 alon
208 1089 352 1152 Ἰουδαίοις
365 1088 552 1160 πεποιημίνον
568 1090 616 1144 ἐπί
628 1090 677 1161 τῆς
692 1091 777 1145 ando·
831 1092 865 1147 ad
892 1107 954 1148 eum
990 1092 1151 1161 placandum
1178 1092 1342 1147 laciendum.
1367 1090 1489 1162 Desuper
1511 1093 1623 1148 stabant

126 1180 284 1251 ἱλαστήριον
296 1180 377 1234 τοῦτο
390 1179 516 1246 ἐκάλουν,
527 1180 582 1234 διεδ
594 1180 641 1234 τοῦ
652 1180 699 1234 τόν
711 1181 778 1235 Θεδν
831 1183 980 1238 Cherubim
1000 1186 1071 1249 dno,
1100 1183 1222 1256 symbola
1242 1182 1341 1239 divinae
1359 1184 1433 1240 sedis
1458 1204 1465 1240 ι
1484 1199 1533 1254 per
1549 1184 1623 1240 tltro·

126 1287 178 1324 :nou
195 1270 377 1343 χρηματίζειν
389 1272 496 1338 adroic,
506 1270 633 1343 ἐρωτῶσι
644 1272 711 1343 περὶ
722 1272 778 1327 τῶν
834 1288 897 1328 num
907 1273 1126 1344 propitlatorium
1138 1274 1345 1350 obumbrantem
1362 1273 1535 1332 indicabatur
1548 1275 1622 1341 ideo,

126 1362 210 1417 όντων
232 1363 280 1416 διε·
296 1362 381 1417 αὐτοῦ
397 1363 432 1417 ab
454 1362 591 1433 πρακτέα.
613 1363 676 1418 Ἐπὶ
691 1362 779 1434 τούτῳ
819 1365 922 1435 ,ipsum
938 1364 1036 1421 adease
1051 1367 1096 1436 qai
1115 1367 1214 1421 tbrono
1230 1366 1382 1432 insedebat,
1395 1375 1423 1422 et
1439 1366 1555 1437 propltio
1566 1380 1623 1422 atu·

126 1474 130 1505 ι
144 1453 252 1508 tardare
266 1453 321 1507 δύω
335 1456 483 1523 πεποίητο,
501 1454 625 1526 σύμδολα
644 1454 697 1526 τῆς
711 1454 781 1509 καθ·
835 1457 881 1512 δίο
894 1465 1002 1529 gentem
1019 1455 1121 1513 lovere.

126 1559 166 1598 rra
183 1545 234 1615 τῆς
254 1543 346 1608 θείας·
376 1545 421 1598 διὰ
442 1547 536 1599 τοίνυν
568 1543 617 1598 τοῦ
654 1544 907 1612 κατασκευάζοντος
926 1545 1024 1618 θρόνου
1042 1546 1074 1602 ἰδ
1095 1546 1264 1620 ίλασσὴριον,
1284 1548 1316 1605 ab
1345 1550 1473 1622 ampriani
1498 1566 1528 1603 τε
1545 1544 1625 1621 οἶμα.

126 1633 150 1705 ᾧ
172 1633 278 1706 θρόνῳ,
302 1636 350 1689 καί
374 1635 551 1702 ἐπισκιάζειν
573 1635 775 1709 ἐξιλεούμενον,
794 1637 971 1711 ἐσημαίνετο.

1472 1856 1614 1877 —uo

159 2087 172 2108 ,,
220 2100 222 2103 ,
679 2018 945 2109 EJUSDEM

153 2133 155 2138 Ι
275 2229 765 2357 unnouunm
810 2234 889 2355 tn
939 2232 1328 2363 ratenus,

322 2463 372 2526 nur
381 2459 533 2528 apertum
544 2465 649 2515 numm
661 2465 1032 2530 momentanearum.
1051 2451 1133 2520 butt.
1146 2469 1288 2534 materno)

604 2767 638 2823 tn
658 2766 825 2826 ostentent
845 2767 991 2827 Putbtult.

126 2925 203 2980 torar
217 2924 257 2991 ὡς
271 2926 303 2980 εδ
316 2924 405 2991 ξύλον.
423 2946 434 2979 r
797 2938 818 2992 n
872 2924 955 2982 Vana.
974 2927 1003 2982 b.
1021 2944 1032 2979 t
1049 2926 1146 2982 Eterit
1159 2935 1289 2997 tanquam
1300 2928 1414 3001 liguum.
1432 2948 1444 2983 a

126 3015 204 3072 mira
220 3015 449 3089 ταραληψύμεθα
463 3016 494 3071 ab
507 3016 588 3090 παρὰ
614 3017 663 3072 τοῦ
681 3017 783 3073 'daila
868 3018 1005 3075 Posthac
1021 3018 1200 3090 adjungamus
1218 3021 1244 3077 id
1265 3022 1335 3092 φοοδ
1350 3025 1383 3079 ab
1401 3024 1499 3096 Aquila
1518 3018 1622 3085 dictum

126 3127 148 3175 ν,
170 3109 485 3180 μεσσαεφυτευρύνοκ.
504 3108 591 3163 Πόθεν
616 3109 671 3181 γὰρ
690 3110 720 3164 rb
736 3109 783 3175 ξύ·
833 3119 885 3175 eat,
903 3109 1137 3177 transplantatum.
1153 3110 1231 3168 Unde
1243 3114 1316 3168 enim
1328 3113 1441 3184 liguum,
1457 3116 1492 3173 de
1504 3133 1558 3189 ηιιο
1578 3122 1623 3176 lun

148 3191 179 3251 ού
192 3201 206 3252 δ
218 3198 308 3267 λόγος,
332 3198 572 3270 μεταπεφύτευται
593 3199 641 3253 ἐπί
656 3201 718 3264 ταῖς
729 3200 784 3254 τῶν
833 3212 924 3255 aemulo
938 3212 991 3265 eat,
1006 3201 1235 3271 transplantatum
1250 3202 1300 3258 brit
1310 3218 1390 3259 aecrra
1404 3220 1537 3275 aquarum
1552 3212 1623 3264 diti·

126 3292 291 3363 turpiorum
312 3293 347 3345 'll
361 3292 415 3362 γὰρ
431 3292 582 3365 ἐρριζωκδς
592 3293 621 3346 ἐν
633 3293 672 3364 τῷ
684 3293 782 3363 Πατρέ,
834 3291 946 3347 sioneal
965 3291 1012 3347 Vel
1027 3293 1100 3348 euim
1115 3307 1177 3348 cum
1193 3293 1220 3348 ln
1237 3293 1318 3349 Patre
1329 3295 1481 3352 radicatum
1493 3309 1578 3365 naret,
1593 3303 1622 3356 ira

126 3383 200 3455 ρεσίφ
225 3381 332 3436 πολλῶν
352 3382 609 3455 μεταπεφύτευεαι,
625 3386 668 3448 τίς
682 3383 712 3438 rb
736 3386 784 3438 aul
833 3381 1006 3436 commodum
1032 3382 1211 3452 plurimorum
1235 3384 1464 3454 tranaplantatnm
1489 3389 1549 3456 init,
1566 3408 1622 3463 qno

126 3473 269 3527 εταλοδείν
287 3474 371 3528 αὐτοῦ
385 3475 437 3546 τῆς
451 3475 567 3542 είκδυος,
588 3474 638 3545 τῆς
653 3474 725 3529 κατὰ
746 3474 777 3528 τδ
833 3481 862 3528 et
880 3471 927 3528 alil
940 3473 1089 3544 participes
1106 3474 1271 3530 emitterent
1285 3475 1413 3545 imaginis
1425 3478 1524 3545 iatiua,
1539 3498 1621 3551 quma

126 3564 252 3620 υτεῦσθαι
263 3565 487 3638 λαμδανορένης.
507 3567 564 3637 Οὐχ
585 3567 627 3621 δτι
642 3566 694 3621 οὐκ
709 3565 784 3621 ἐστιν
834 3563 862 3618 ln
880 3560 1123 3633 transplantatione
1143 3578 1206 3620 aaau
1216 3566 1300 3633 mpait
1310 3583 1320 3633 3
1332 3581 1385 3623 uon
1399 3569 1471 3638 qnod
1483 3585 1537 3627 non
1549 3575 1586 3628 ait
1596 3575 1622 3629 in

126 3658 175 3731 ’,τρὶ
197 3657 275 3728 (ἐστι
290 3658 379 3730 γὰρ),
409 3657 466 3712 ἀλλ’
480 3659 521 3711 brt
534 3657 581 3713 καλ
594 3659 658 3730 παρ’
678 3659 784 3730 ἑτέροις
834 3651 914 3708 Patre
933 3653 993 3722 (eat
1010 3653 1110 3708 etenim
1118 3659 1140 3722 l.
1155 3653 1201 3709 sed
1215 3654 1384 3724 quodetiam
1396 3662 1469 3729 apud
1485 3659 1557 3717 alios
1570 3677 1620 3717 aa·

126 3769 149 3805 ι.
166 3751 202 3803 Ἣ
226 3749 288 3804 καθ’
315 3750 414 3821 ἐτέρου
431 3748 607 3821 barbotini]
628 3749 702 3822 ψυχή
725 3753 784 3804 ἐστι
834 3747 878 3796 tua
890 3741 937 3796 alt.
953 3739 1002 3796 Vel
1013 3741 1161 3796 aeeuadntn
1182 3741 1263 3796 aliam
1280 3743 1513 3813 applicationem,
1528 3751 1620 3805 anima

126 3842 193 3912 illoc.
208 3840 242 3912 ἢν
254 3840 362 3906 ἐλαδεν,
375 3840 501 3894 ἐντεῦθεν
515 3840 783 3913 μεταπεφυτευμίνη
834 3831 1003 3896 saltatoria,
1018 3845 1101 3900 quam
1116 3841 1317 3901 autumpnum,
1343 3834 1408 3891 ltine
1421 3839 1622 3906 transplantata

126 3932 289 4006 ταρίιδεισον,
303 3934 371 3987 ὅπου
394 3935 443 3986 καλ
454 3931 485 3985 rb
504 3932 673 4002 δύσγγέλιόν
688 3950 783 4004 φησιν,
834 3932 876 3978 est
895 3922 921 3976 in
936 3921 1104 3991 paradisum,
1116 3919 1160 3974 ubi
1177 3920 1259 3975 etiarn
1279 3921 1454 3992 Evangelinm
1476 3927 1515 3980 ait
1533 3928 1622 3998 ipsunt
1691 3979 1694 3983 ⁴

126 4025 168 4078 ετδ
180 4024 211 4079 ab
229 4025 315 4089 πάθος
338 4025 491 4094 γεγονέναι,
506 4023 688 4094 διηγούμενον
701 4024 783 4078 αὐτὸν
835 4024 896 4086 post
907 4013 1058 4082 passionem
1071 4012 1222 4074 exstitisse,
1233 4027 1349 4069 martana
1360 4014 1448 4083 ipsum
1457 4016 1554 4074 latroni
1563 4032 1623 4089 pue-

130 4115 192 4186 ιτῷ
212 4118 412 4189 μετονοήσαντι
434 4117 538 4191 λῃστῇ·
569 4115 706 4187 Σήμερον
718 4119 783 4188 μετ’
836 4107 932 4160 nitenti
944 4104 1062 4161 diuisae:
1075 4106 1268 4160 Hodiemecatm
1283 4105 1335 4159 erir
1345 4106 1373 4159 t'ra
1387 4109 1516 4174 parodiao
1528 4108 1579 4164 ua·
1586 4111 1622 4165 ¹⁸.

126 4206 241 4277 ,ηδντῷ
256 4209 429 4278 nannenten
441 4209 495 4264 τοῦ
511 4209 596 4264 Θεοῦ.
613 4211 782 4282 λίετοπεφῡ.
837 4198 905 4253 llluc
930 4206 1021 4252 antem
1050 4196 1264 4266 transplantatus
1279 4196 1340 4262 luit,
1361 4206 1390 4251 ut
1408 4198 1427 4252 ii
1453 4200 1499 4270 qui
1520 4201 1622 4257 Christi

126 4301 214 4366 ιδκεί,
229 4299 274 4356 lau
286 4304 311 4356 οί
325 4300 399 4367 ἄξιοι
413 4302 462 4357 σύν
474 4302 587 4373 Χριστῷ
602 4298 684 4365 εἶναι,
701 4286 818 4372 emec
834 4289 975 4345 cottaortlo
990 4287 1064 4359 digni
1081 4296 1163 4352 aunt,
1177 4288 1212 4342 ab
1233 4289 1294 4357 ipso
1317 4287 1505 4345 illuminentur
1522 4291 1624 4346 lumine

127 4389 155 4444 π’
170 4388 252 4444 αὐτοῦ
264 4387 303 4460 τῷ
314 4391 364 4460 τῆς
378 4388 506 4458 γνώσεως
518 4387 663 4460 φωτισμῷ,
679 4388 779 4459 repunt·
837 4379 1021 4449 cognitionis,
1049 4379 1197 4434 aeeuudunr
1221 4378 1270 4434 bei
1294 4379 1456 4448 sapientiam
1478 4380 1505 4437 in
1530 4396 1621 4438 rernm

126 4484 149 4533 ἐν
165 4483 199 4551 τῇ
217 4481 272 4533 τῶν
290 4479 374 4533 δντων
395 4480 514 4551 θεωρίᾳ,
533 4478 603 4533 κατὰ
619 4478 670 4550 τὴν
686 4479 783 4548 σοφίαν
834 4470 1064 4540 contemplatione
1087 4469 1271 4539 prollrientes.
1294 4469 1359 4524 Haec
1381 4480 1471 4525 autem
1488 4471 1530 4526 aie
1542 4487 1622 4530 aece-

127 4611 133 4624 ,
148 4571 240 4624 Ταῦτα
257 4571 286 4624 δὲ
299 4570 386 4633 οῡςως
401 4570 593 4640 temanum,
625 4569 720 4639 luston
734 4587 783 4623 χω.
837 4563 938 4631 pimus,
954 4563 1017 4631 qnia
1041 4562 1149 4630 propriu
1163 4561 1196 4614 de
1207 4560 1349 4615 arboribus
1361 4560 1462 4615 dieitur
1476 4562 1549 4631 quod
1565 4562 1622 4618 lrn·

144 4661 261 4732 δένδρων
274 4662 383 4730 λέγεται
401 4661 433 4714 τδ
453 4662 547 4733 φέρειν
566 4660 684 4730 καρπόν.
703 4660 740 4713 Tb
755 4661 783 4714 δέ
834 4663 908 4709 ettam
922 4653 1021 4710 lerant.
1038 4652 1116 4707 Hunc
1131 4661 1220 4704 autern
1245 4657 1320 4714 dare,
1333 4652 1419 4720 anagia
1436 4653 1562 4722 congruit
1581 4669 1623 4708 re-

126 4751 217 4806 ιᾶλλον
232 4751 365 4823 ἐμψύχοις
380 4750 513 4822 ἁρμόζει,
532 4750 580 4804 καὶ
600 4747 688 4802 ταῦτα
708 4748 783 4818 λογι·
842 4744 1039 4809 δακτυλικούς,
1049 4744 1136 4812 iisque
1149 4742 1336 4796 rationalibus.
1350 4742 1436 4797 Porro
1449 4745 1622 4811 ammodum

126 4841 223 4913 τητέον
243 4841 292 4907 δέ,
308 4843 333 4894 εί
345 4839 404 4893 ἐστι
433 4838 529 4909 καιρὸς
548 4837 599 4903 (rb
615 4834 692 4903 ξύλου
710 4832 783 4906 ζωῆς
834 4849 869 4891 an
887 4837 922 4890 ait
938 4844 1046 4904 tempta
1056 4833 1176 4906 (lignum
1192 4832 1253 4887 ritu
1268 4830 1372 4888 ίιιισιιιε
1384 4833 1500 4890 dicendo
1518 4834 1623 4905 sapian-

126 4930 172 4985 τού
195 4931 286 5000 λέγειν
311 4928 362 4999 τὴν
382 4928 499 4999 σοφίαν)
521 4926 632 4998 καρπόν
656 4941 722 4978 ποτε
745 4925 783 4995 μὴ
837 4926 921 4993 εἰσιν)
933 4923 1117 4994 quolruetum
1135 4922 1280 4994 aliquando
1295 4937 1350 4978 uon
1365 4923 1458 4992 babet,
1481 4939 1536 4980 non
1553 4942 1616 4981 aan·

126 5022 238 5092 χύσιον,
252 5021 292 5075 διδ
307 5021 358 5074 οὐκ
371 5018 490 5092 εἴρηται,
506 5021 539 5072 '0
553 5019 601 5071 σδν
616 5015 721 5086 κσριεδν
732 5015 783 5068 σύ·
834 5027 922 5082 olum,
936 5019 1000 5089 quia
1020 5033 1073 5073 nou
1086 5025 1128 5073 eat
1146 5017 1248 5073 dietum
1262 5017 1334 5086 qnod
1348 5018 1466 5073 fructum
1484 5033 1565 5074 autttu
1581 5019 1619 5076 le·

126 5132 155 5188 tp
169 5113 402 5184 ἐνκαιρῷαὺτοῦ,
419 5113 480 5166 ἀλλ’
492 5111 507 5165 ὃ
520 5111 566 5164 rba
579 5106 783 5181 καρπδναῦτοῡ
834 5122 877 5168 rat
891 5112 918 5167 in
934 5121 1057 5183 tempore
1067 5125 1128 5178 auo,
1143 5109 1202 5176 aed,
1218 5110 1290 5181 quod
1305 5111 1423 5167 brumum
1443 5125 1523 5167 annm
1545 5111 1620 5167 dabit

135 5206 226 5280 καιρῷ
241 5206 338 5260 αὐτοῦ.
358 5206 462 5277 bamb<
483 5205 513 5260 δέ
529 5201 670 5259 αὐτοῦτοῦ
685 5200 783 5256 διδόναι
834 5203 861 5257 in
876 5212 998 5271 tempore
1010 5215 1069 5257 sun.
1083 5201 1202 5272 tempus
1217 5210 1308 5257 autem
1320 5199 1380 5270 eina
1395 5202 1491 5267 dandi,
1504 5211 1546 5258 ert
1556 5219 1619 5259 aue-

126 5297 295 5369 αμύύνοντδς
321 5297 397 5351 ἐστιν
411 5295 613 5367 ἐπιτηδειότης.
631 5291 714 5347 Ὅσον
729 5291 784 5363 γὰρ
833 5291 958 5361 cipientia
973 5293 1179 5361 opportunitaa3
1191 5299 1323 5360 qnantum
1333 5291 1405 5346 euim
1421 5305 1456 5346 ex
1476 5301 1553 5360 parte
1574 5292 1617 5362 ip·

126 5384 198 5455 διῷ,
213 5383 322 5454 ἕτοιμός
336 5385 410 5439 ἐστιν
424 5386 470 5440 ἀεὶ
491 5384 592 5439 διδόναι
612 5381 658 5435 τδν
676 5381 784 5454 καρπὸν
834 5385 900 5447 sius,
917 5397 1025 5452 semper
1037 5392 1129 5453 parata
1147 5392 1189 5437 est
1206 5381 1271 5436 dare
1284 5380 1402 5436 fructum
1416 5395 1507 5436 suunt.
1522 5380 1617 5449 Quod-

126 5475 139 5528 t
155 5474 185 5528 bl
203 5474 235 5527 εδ
252 5473 353 5544 φύλλον
366 5476 416 5545 τῆς
429 5474 517 5547 ζωῆς,
532 5473 654 5528 τουτέστι
668 5471 719 5543 τῆς
741 5488 787 5525 σο·
834 5488 896 5529 nam
911 5481 1001 5529 numm
1014 5474 1050 5530 ait
1070 5472 1164 5529 lolium
1177 5473 1252 5536 rita,
1270 5472 1297 5527 id
1314 5481 1368 5538 est,
1384 5472 1532 5543 aapientiae,
1545 5477 1617 5542 φοοδ

126 5586 143 5623 κ
157 5568 342 5641 δπορρεῡσον,
357 5569 473 5624 κατιδεῖν
489 5568 573 5634 όξιον.
591 5567 648 5621 Οὐκ
669 5565 782 5621 ἄλλοθεν
835 5581 888 5620 non
905 5562 1028 5631 diffluat,
1044 5563 1258 5620 conaideratione
1271 5563 1392 5634 dignum.
1409 5559 1510 5618 Verum
1532 5563 1559 5618 id
1574 5577 1618 5617 ca-

127 5763 133 5776 .
149 5739 226 5788 aattt,
240 5724 285 5778 lb.
