3817 6075
479 289 482 300 ’
524 301 756 363 FRAGMENTA
784 300 826 363 IN
846 300 877 361 S.
897 300 1086 362 totundit.
1565 292 1633 361 litt

126 416 176 470 ιῶν
196 419 244 473 xci
264 417 423 488 αῐριτικὼν,
438 420 480 474 ὅτι
498 419 626 492 λατρείας
642 418 784 490 θεοφιλοῦς
797 419 822 480 Α
836 416 1027 472 baereticorum
1052 415 1176 485 vesania,
1202 424 1232 471 tri
1256 428 1304 472 vos
1326 415 1487 479 occidendo,
1508 417 1630 486 putaturi
1661 479 1664 484 .

126 506 195 563 εἶναι
211 511 352 582 νομίζουσι
371 512 402 566 τά
417 512 518 583 σφάξαι
534 514 617 585 ὑμᾶς.
837 508 892 564 sint
908 523 939 563 se
965 506 1021 563 ileu
1035 516 1141 579 pratum
1157 507 1319 579 obsequium
1334 508 1475 563 exhibere.

126 602 154 655 λά
171 602 258 657 ταῦτα
275 602 413 675 λτλάληκα
435 605 517 678 ὑμῖν,
533 607 577 660 ἵνα
600 608 665 661 ὅταν
687 605 783 679 ἐλθηη
874 599 953 656 icus.
969 601 997 655 l.
1019 617 1030 652 t
1046 598 1099 654 Sed
1120 601 1176 655 lraec
1190 600 1296 654 locutus
1311 614 1371 654 suru
1387 599 1463 653 rolris
1478 615 1485 651 ι
1499 607 1539 665 ιιι,
1566 612 1628 652 cunt

126 696 272 767 γμοιεύητσ
287 699 388 768 αὐτῶν,
402 701 443 754 δον
460 700 515 770 ἐγὼ
531 697 608 756 οῑοον
623 702 698 773 ὑμῖν,
720 718 730 753 ν
835 693 940 746 uenerit
959 691 1038 758 itura,
1052 706 1149 746 eorum
1173 689 1401 758 reminiscamini,
1427 691 1490 761 quir
1504 704 1554 760 ego
1570 688 1628 744 dixi

835 786 949 842 rolris.»

135 875 318 947 γνὼναιύρᾶς
329 879 429 948 (ὄτιώς
441 876 782 953 φύοενθοθςοῖδοοάνοο)
875 877 944 943 Quia
962 891 1010 931 tus
1024 876 1087 929 nuri
1105 875 1216 946 (quippe
1234 885 1264 929 ιιι
1283 885 1379 929 natura
1398 876 1468 929 Deus
1487 876 1549 929 nuri
1563 892 1624 930 om·

130 972 164 1024 τά
178 971 418 1041 &irreverentium
431 974 596 1044 πιστεύσητε
610 975 650 1028 ὄτι
664 974 783 1045 δύναμαι
834 968 888 1037 nie)
903 969 1021 1038 praedico
1039 967 1142 1034 lutura,
1158 978 1185 1022 et
1200 979 1228 1020 ut
1243 967 1363 1022 credatis
1377 969 1439 1034 qtrie
1458 981 1506 1020 vus
1521 981 1555 1020 ex
1566 980 1626 1021 om·

126 1062 263 1128 υθιριῖιοαι
279 1061 334 1116 τῶν
350 1064 528 1132 ἐπαγομένων
543 1065 607 1135 ὑμῖν
621 1064 765 1121 κινδύνων.
833 1059 913 1114 ttilrus
929 1059 1058 1127 periculis
1070 1060 1279 1114 iuturiueutilrus
1295 1059 1372 1112 unleo
1390 1058 1518 1116 liberare.

145 1153 200 1223 γὰρ
221 1154 258 1225 μὴ
276 1155 396 1221 ἀπέλθω,
413 1157 427 1209 ἀ
445 1156 624 1227 Παράκλητος
639 1157 690 1210 οὑκ
704 1155 782 1210 lied-
865 1150 948 1206 Vsus.
966 1151 994 1207 t.
1015 1169 1024 1203 ι
1041 1151 1070 1204 Si
1089 1151 1161 1206 enirn
1186 1167 1239 1207 non
1264 1152 1368 1218 abiero,
1392 1150 1547 1207 Paraciitus
1570 1166 1623 1206 nou

126 1246 281 1313 λςύμᾶς.»
355 1295 360 1304 ,
831 1244 1071 1298 vertietadt08.r

126 1336 147 1405 ἀγ
169 1337 259 1399 πάθω,
278 1338 328 1390 οὐκ
344 1338 474 1411 ἐπιφοιτᾷ
489 1340 594 1410 ὑμῐντά
607 1339 781 1411 Πνεύμα,τθ
866 1332 922 1387 Nisi
946 1350 1043 1404 passus
1062 1335 1152 1399 luero,
1180 1349 1232 1388 nun
1255 1334 1345 1388 ueniet
1367 1334 1394 1387 in
1419 1349 1466 1389 ros
1491 1332 1621 1405 Spiritus,

129 1445 198 1492 σεως
211 1429 425 1500 ἀγαθῆςαῖτιον.
436 1430 548 1504 [θεον]
830 1425 921 1480 utttuis
936 1426 1000 1479 doni
1016 1425 1079 1480 botri
1094 1425 1270 1497 principium.
1363 1452 1366 1457 ·

152 1539 238 1593 ἐλθὼν
262 1542 365 1604 ἐκεῖνος
389 1541 494 1609 ἐλέγξει
517 1542 563 1598 νον
587 1545 689 1614 νοομον
714 1545 779 1616 περὶ
864 1535 947 1593 Vens.
968 1537 996 1592 8.
1021 1538 1150 1593 «Etcum
1165 1538 1272 1592 venerit
1296 1536 1352 1603 tlte,
1371 1547 1465 1608 arguet
1490 1539 1620 1594 muudum

128 1672 136 1694 ,
150 1631 199 1685 recl
210 1634 274 1704 περὶ
285 1633 471 1703 δικαιοσύνης.
484 1634 532 1687 καὶ
546 1637 611 1706 περὶ
622 1637 749 1707 κρίσεως.
764 1654 774 1689 t
828 1629 863 1686 de
877 1641 1000 1699 peceato,
1017 1639 1044 1686 ei
1057 1631 1091 1686 de
1103 1630 1220 1698 justitia,
1236 1638 1263 1685 et
1275 1630 1309 1684 de
1321 1628 1435 1697 judicio.
1453 1650 1464 1684 ι

126 1741 147 1794 η
161 1726 235 1778 ἐστὶν
248 1726 264 1795 ἠ
275 1726 390 1797 δύναμις
400 1726 451 1796 τῆς
462 1727 510 1780 τοῦ
521 1729 600 1796 ἅγιον
615 1730 776 1800 Πνεύμοσος
791 1768 814 1824 Β
865 1721 953 1777 Tanta
967 1725 1008 1779 uis
1030 1731 1072 1779 est
1087 1724 1235 1778 descensus
1250 1722 1370 1791 Spiritus
1392 1724 1490 1787 sancti,
1511 1732 1540 1777 ut
1554 1732 1620 1779 tuuc

128 1806 170 1869 δτι
186 1816 247 1871 τότε
263 1818 486 1889 φανερωθήσεται
501 1822 518 1891 η
533 1820 587 1874 τῶν
604 1822 644 1884 εἰς
655 1821 707 1892 ἐμὲ
723 1839 774 1875 πε·
825 1816 1014 1886 appariturum
1029 1816 1067 1872 sit
1079 1830 1175 1870 cerunt
1191 1814 1238 1885 uui
1257 1815 1284 1869 iu
1303 1830 1346 1869 ure
1357 1825 1507 1885 peccarunt
1523 1829 1619 1884 pecca·

126 1908 222 1977 μιάτων
245 1909 378 1980 ἁμαρτία.
402 1911 479 1964 Ὅσοι
508 1910 537 1965 δὲ
557 1911 627 1982 μετὰ
649 1913 700 1983 την
725 1911 773 1965 τοῦ
825 1915 894 1962 tum.
908 1906 1071 1978 Quicunque
1083 1916 1174 1983 autern
1191 1916 1253 1977 post
1269 1904 1387 1975 Spiritut
1402 1905 1488 1959 sancti
1506 1906 1616 1959 descen·

126 1998 243 2069 εύματος
265 2000 379 2055 κάθοδον
397 2003 447 2055 οὐκ
470 2002 637 2058 ἐπίστευσαν
661 2004 702 2069 εἰς
726 2005 773 2059 τὸν
822 2013 883 2054 suut
900 2003 928 2053 in
939 1998 1080 2054 Christum
1096 2014 1153 2053 nun
1176 1998 1364 2064 crediderunt,
1378 1996 1405 2050 iu
1423 1999 1544 2065 peccatis
1559 1998 1617 2052 suis

136 2089 248 2160 ἔμειναν
273 2093 302 2145 ἐν
329 2093 391 2156 ταῖς
414 2094 520 2146 ἑαυτῶν
543 2095 703 2167 ἁμαρτίαις.
727 2095 772 2161 Ὦς
822 2101 1043 2163 perseverarunt.
1054 2090 1194 2161 Tattquaru
1204 2102 1333 2160 peccator
1343 2090 1436 2159 itaque
1447 2090 1616 2144 cotuleutua·

126 2200 143 2246 ς
167 2178 215 2237 οὗν
229 2183 442 2254 κατακρίνεται,
458 2187 472 2239 ἀ
496 2186 534 2256 μὴ
556 2186 706 2250 πιστεύσας
730 2188 771 2250 εἰς
823 2196 877 2249 tur,
894 2186 1009 2253 quinon
1029 2183 1119 2238 credit
1137 2185 1164 2238 in
1177 2183 1318 2238 Christum
1330 2181 1433 2251 peccati
1450 2191 1614 2251 expertem:

126 2291 129 2315 ι
152 2274 362 2347 ἀναμάρτητον·
382 2276 420 2340 ὡς
441 2275 572 2345 ἀδόκιμος
585 2286 611 2341 ¹¹,
628 2277 643 2330 θ
663 2279 700 2350 μὴ
724 2296 770 2333 πι-
822 2283 949 2344 tauquam
977 2274 1096 2343 iniquus,
1112 2272 1167 2343 'qui
1190 2289 1243 2328 nun
1264 2273 1354 2328 eredit
1378 2274 1405 2328 iu
1425 2272 1541 2342 justutn,
1566 2274 1612 2343 qui

129 2366 152 2428 λς
165 2366 210 2421 τάν
222 2366 339 2430 δίκαιον,
353 2369 400 2422 τὸν
414 2367 459 2422 διά
471 2368 520 2439 την
534 2369 707 2441 δικαιοσύνην
718 2370 770 2424 αθ·
820 2375 932 2435 propter
943 2364 1080 2434 justitiam
1093 2378 1171 2420 suain
1186 2363 1213 2418 in
1228 2364 1313 2418 coeios
1329 2364 1463 2430 ascendit,
1483 2374 1512 2419 et
1526 2364 1614 2417 hurni-

126 2455 231 2526 ιφθέντα
244 2461 285 2522 εἰς
301 2460 445 2531 οὐρανοὺς,
463 2462 513 2515 καλ
530 2462 622 2533 ἀφανῆ
637 2463 768 2532 γεγονότα
819 2456 900 2512 nibus
914 2455 1003 2511 tactus
1024 2465 1065 2511 est
1085 2453 1309 2523 inaspectabilis:
1327 2464 1456 2525 tanquam
1477 2469 1571 2511 socors
1583 2464 1612 2510 et

126 2546 210 2612 δποις·
224 2548 261 2613 ὡς
275 2550 406 2621 ῥᾴθυμος,
419 2554 461 2607 δτι
476 2554 767 2620 κατακλασθέντοςτού
817 2551 905 2622 piger,
918 2550 965 2620 qui
978 2550 1108 2605 satanam
1123 2549 1164 2606 sic
1182 2548 1331 2605 contritum
1346 2559 1429 2619 atque
1442 2548 1611 2604 contractum

126 2637 176 2693 »θτε
190 2640 277 2706 οθτως
294 2645 377 2698 αιἰτθν
391 2646 531 2718 petineat
544 2655 558 2685 ⁶
573 2649 694 2720 νικῆσαι.
817 2642 905 2699 noluit
920 2656 1065 2713 superare.

126 2751 153 2805 δὲ
168 2755 297 2826 κρίσεως,
313 2758 354 2812 δτι
365 2760 379 2812 ἀ
390 2759 483 2832 ἅρχων
493 2762 542 2817 τοῦ
556 2762 660 2835 κόσμον
670 2766 765 2824 τούτου
852 2757 937 2812 Vm·
953 2758 998 2812 Η·
1021 2753 1199 2826 ‘mimmii
1219 2765 1321 2823 Wlfflin
1338 2754 1403 2825 θῦῑῧ
1415 2752 1544 2826 princepe
1560 2753 1611 2809 ΙΝ·

132 2862 142 2895 ι
627 2916 634 2924 ,
813 2846 859 2917 ius
876 2849 968 2903 mnndi
980 2847 1038 2916 iarn
1049 2846 1187 2915 iudicatus
1198 2855 1251 2902 est.
1267 2863 1278 2898 ι

126 2932 169 3005 ἔθη
192 2933 231 2997 ὡς
244 2934 411 3002 ἀποκτείνας
424 2938 469 2993 διὰ
484 2941 539 2997 τῶν
566 2944 701 3002 ἰοοδοῑοον
719 2948 765 3004 οοο
810 2951 814 2979 ’·
849 2937 1055 2993 Cutrdeurnatns
1068 2947 1121 3003 est,
1138 2946 1169 2993 ut
1182 2929 1227 3008 quii
1240 2937 1378 2993 Christum
1393 2938 1497 3008 peccati
1509 2952 1608 3008 exper-

126 3025 300 3096 ναμάρτητον
319 3028 394 3095 ἀντα,
412 3032 506 3107 ἐπειδὴ
527 3040 765 3110 προφασιζόμενος
816 3037 870 3084 tem
882 3044 931 3100 per
941 3025 1051 3084 iudeus
1062 3027 1206 3094 occiderit,
1218 3027 1439 3100 quandoquidem
1451 3028 1608 3085 excusando

130 3133 138 3168 t
154 3116 279 3189 ’λδάμοὺ
289 3120 381 3194 edepl
394 3123 540 3189 ἀπέθανεν,
553 3128 661 3182 ολλόον
672 3126 799 3202 nme
815 3121 915 3175 dixerit
926 3120 1061 3175 Adamurn
1079 3134 1133 3174 nun
1154 3120 1198 3175 tui
1214 3135 1310 3184 eausa.
1334 3121 1381 3176 red
1394 3121 1458 3190 quia
1475 3135 1607 3188 peccate-

126 3205 160 3278 ,θη
174 3207 204 3261 δὲ
221 3209 290 3278 μετά
303 3209 334 3263 σθ
348 3212 444 3281 πάθος,
459 3214 503 3268 διὰ
517 3215 565 3269 τοῦ
580 3219 659 3287 &pion
675 3220 763 3274 Πνού.
814 3220 866 3275 rat,
881 3221 1018 3266 ruortuttnr
1034 3226 1106 3268 csse.
1119 3212 1188 3267 Cum
1205 3224 1296 3267 autern
1313 3222 1373 3283 pust
1389 3213 1542 3282 paesiouetu
1558 3229 1606 3284 per

126 3313 195 3350 ιοντο
207 3298 235 3350 αἱ
248 3299 343 3366 λάσεις,
355 3302 463 3357 θιάοῶν
473 3306 645 3377 πραγμάτων
657 3308 763 3365 οοιοονο.
814 3299 944 3371 Spiritum
959 3311 1085 3357 sanetum
1102 3303 1257 3358 curationes
1270 3303 1347 3358 iactu
1358 3305 1424 3366 siut.
1438 3303 1519 3360 rebus
1534 3304 1601 3375 ipsis

126 3387 213 3442 ιδόλοο
226 3391 244 3460 η
257 3391 417 3457 κατάλυσις.
811 3392 965 3448 ostenditur
977 3392 1115 3449 diabolum
1129 3407 1190 3449 esse
1206 3406 1377 3451 enervatum.

140 3501 246 3577 δὲέλθῃ
257 3505 370 3571 ἐκεῖνος,
385 3507 415 3560 cl
430 3509 543 3581 Πνεῦμα
557 3510 609 3582 τῆς
619 3512 760 3586 ἀληθείας,
845 3503 930 3563 Vens.
956 3506 1002 3564 te.
1029 3507 1122 3564 «Cum
1147 3518 1239 3564 auteur
1259 3508 1366 3565 venerii
1391 3508 1456 3576 itte,
1484 3506 1603 3580 Spiritus

126 3594 185 3662 ιμᾶς
201 3594 241 3657 εἱς
257 3595 347 3648 πᾶσαν
361 3595 410 3666 τὴν
424 3597 564 3669 ἀληθειαν.
586 3619 596 3654 ι
811 3598 945 3668 veritatis,
960 3600 1067 3657 docebit
1082 3617 1131 3658 tos
1147 3617 1256 3658 otnueut
1268 3602 1424 3657 veritatem.
1441 3621 1451 3655 ι

126 3684 256 3757 »Πνεῦμα
267 3684 362 3760 διδάξῃ
373 3689 456 3761 ὑμᾶς,
472 3693 533 3747 τότε
545 3693 692 3767 δυνήσεσθε
704 3699 760 3754 τῶν
844 3690 958 3758 Quando
980 3691 1098 3762 Spiritus
1121 3708 1169 3748 ros
1189 3694 1308 3757 erudiet.
1332 3703 1397 3749 tunc
1417 3693 1544 3764 poteritis
1566 3693 1601 3748 ab

126 3778 256 3849 ποστῆναι
271 3780 376 3846 τύπων,
391 3784 439 3838 καὶ
455 3786 506 3857 τὴν
519 3788 548 3841 ἐν
563 3789 699 3862 πνεύματι
712 3792 760 3846 καὶ
810 3784 913 3839 ιιιιιθιῑο
931 3792 960 3838 et
973 3783 1067 3853 liguris
1087 3784 1218 3854 legalibus
1234 3785 1382 3850 abstinere,
1399 3793 1481 3854 atque
1499 3786 1527 3840 in
1543 3785 1601 3855 spi·

126 3869 212 3938 ιιῆσαι
226 3870 364 3942 λατρείαν.
809 3873 864 3928 ritu
879 3888 911 3929 ac
922 3875 1040 3930 veritate
1054 3875 1138 3931 lienur
1151 3878 1278 3931 adorare.

126 3959 356 4031 cespititium,
372 3965 462 4019 ὄτιέκ
481 3966 529 4021 τοῦ
546 3968 613 4041 ἐμοῦ
629 3970 757 4044 λήψεται,
845 3965 926 4021 l'ens.
951 3964 998 4021 tt.
1015 3965 1030 4019 ἰ
1044 3966 1091 4020 ilie
1116 3980 1160 4020 nte
1183 3965 1343 4023 clarificabit
1363 3985 1371 4024 ι
1391 3968 1456 4039 quia
1479 3969 1514 4022 de
1537 3982 1598 4024 rnen

126 4048 174 4101 ιλεῐ
186 4050 260 4122 ὑμῖν.
283 4070 293 4105 ι
807 4057 933 4127 accipiet,
947 4066 975 4111 et
986 4057 1159 4111 annuntiabit
1172 4055 1262 4112 tubis.
1278 4073 1290 4108 t

126 4177 168 4230 μα
182 4161 303 4218 διδάσκει
327 4164 392 4228 τοὺς
412 4165 575 4239 ἀνθρώπους
592 4170 626 4225 rit
643 4173 692 4244 τῆς
707 4175 754 4229 τοῦ
841 4169 963 4240 Spiritus
974 4168 1053 4224 docet
1067 4169 1191 4225 huruiues
1204 4184 1235 4226 ea
1254 4185 1314 4241 qrtae
1328 4170 1361 4226 ad
1378 4170 1548 4227 diuinitatem
1564 4188 1597 4228 ac

126 4267 183 4322 ητις
207 4256 255 4309 καλ
279 4255 380 4326 δόξης,
398 4258 445 4313 καὶ
471 4260 523 4343 τῆς
548 4261 618 4333 πρθς
643 4266 754 4337 Πατέρα
806 4264 922 4335 gloriani
940 4262 1000 4330 Dei,
1013 4271 1042 4318 et
1056 4265 1090 4319 ad
1110 4260 1199 4318 Patris
1219 4263 1401 4333 aeqttaiitateut
1416 4272 1550 4334 spectant,
1569 4265 1595 4319 id

126 4341 172 4395 ιντλ
186 4341 247 4409 τοῦ,
260 4343 372 4416 Σννιρδά
384 4364 429 4417 μοι
442 4346 531 4406 λαλεῖ.
546 4353 584 4406 (λθ
597 4353 653 4424 γὰρ
666 4355 754 4421 ἐνδεὲς
804 4365 856 4421 est,
875 4345 1017 4413 'consentit
1033 4353 1161 4411 mecum.
1183 4354 1289 4411 Nullius
1315 4356 1388 4412 eninr
1414 4357 1520 4426 indigus
1542 4366 1592 4420 cst,

126 4450 128 4463 ·
144 4432 326 4490 Ιδιοσύστατον
337 4439 390 4510 γὰρ
401 4438 430 4493 ὃν
444 4440 481 4504 ὡς
494 4442 637 4513 ὁμοούσιον
647 4437 753 4518 Πατρδς
768 4465 791 4523 1)
805 4466 867 4529 curn
888 4464 979 4520 perse
994 4448 1140 4515 subsislal,
1153 4459 1181 4504 et
1194 4449 1314 4520 ejusdem
1331 4449 1367 4505 sii
1381 4465 1443 4507 cunr
1454 4448 1535 4506 Putre
1547 4447 1594 4506 li-

131 4523 220 4579 πάντα
233 4521 287 4580 οἶδε
304 4529 353 4582 καὶ
374 4529 461 4601 ἰσχύει
475 4532 524 4596 ἀφ’
537 4536 635 4589 ἑαυτοῦ
651 4541 751 4598 ποιεῖν.
804 4534 907 4619 ΙίοηειαΙ
917 4540 1091 4607 substautiae,
1115 4549 1196 4610 alque
1212 4543 1303 4597 ontula
1318 4557 1367 4613 per
1385 4544 1482 4599 tescit
1499 4556 1532 4597 ac
1545 4557 1592 4612 po·

443 4661 445 4667 ·
802 4640 856 4688 test
872 4621 975 4688 iecere.

126 4715 153 4764 ἀι
170 4699 217 4753 καὶ
231 4702 261 4756 nd
279 4703 408 4779 θῑωθίἶτέ
426 4724 469 4779 pe.
491 4727 501 4760 ’
839 4723 923 4778 Vens.
937 4720 984 4778 td.
1004 4721 1178 4791 illudimur,
1194 4723 1288 4794 etjam
1303 4737 1355 4776 non
1371 4722 1497 4778 ridebitis
1509 4739 1562 4779 me.
1578 4742 1589 4777 ι

126 4789 234 4866 λυπήσῃ
243 4795 306 4861 τοὺς
318 4797 453 4871 μαθητὰς,
464 4800 514 4854 οὐκ
525 4794 611 4867 εἶπεν,
622 4802 662 4856 ὅτι
670 4803 752 4858 'Ano-
839 4811 880 4868 Ne
893 4810 1043 4881 discipulos
1053 4814 1300 4878 contristaretur
1310 4810 1395 4865 dixit:
1410 4811 1520 4880 durior,
1530 4815 1589 4882 sed,

126 4881 176 4949 M,
191 4887 232 4940 Οὐ
249 4887 383 4956 despuite
397 4906 445 4957 με·
802 4902 865 4958 Nun
881 4903 1003 4959 uidebitis
1016 4919 1067 4957 ιιιι.

132 4972 158 5025 τί
172 4976 275 5030 ἑστινθ
293 4976 367 5047 λέγει
380 4977 421 5044 τθ,
439 4979 563 5051 Μικράν;
581 4981 750 5056 οὐκοθδαμεν
780 5012 784 5017 ·
840 4993 921 5050 Vens.
939 4993 983 5049 ts.
1007 4992 1102 5060 «Quid
1119 5000 1163 5047 est
1181 4992 1243 5059 huc,
1256 4992 1328 5063 quud
1342 4992 1418 5061 dicit,
1432 4980 1588 5053 Medicum?

800 5082 936 5138 nescimus
952 5081 1016 5151 quid
1033 5079 1162 5149 loquitur.
1181 5098 1191 5132 ι
1500 5131 1505 5141 ,

126 5176 146 5228 ης
165 5159 253 5229 λύπης
276 5159 325 5211 οὒκ
350 5158 451 5225 ἐνόουν,
471 5160 519 5216 καὶ
531 5163 572 5217 ὅτι
594 5165 644 5236 μὲν
665 5167 749 5240 ἀπῄει
836 5173 981 5229 Praeluctu
999 5188 1054 5228 non
1070 5171 1267 5245 intelligebant.
1279 5172 1314 5230 El
1329 5175 1458 5246 quonian
1474 5178 1583 5248 quidern

126 5248 151 5314 ἰς
167 5250 196 5304 δὲ
216 5248 276 5321 ἥξει
291 5249 340 5301 ode
355 5248 464 5320 ηδεσαν.
484 5252 612 5322 Ἠγνάοιιν
626 5257 680 5330 γάρ
698 5262 748 5332 την
798 5266 887 5323 abiret
902 5277 1044 5334 noverant,
1059 5265 1196 5337 quomedo
1210 5280 1275 5323 tero
1295 5266 1400 5325 rediret
1410 5269 1581 5340 igttoraltaut.

126 5342 178 5415 πρὸ
191 5343 242 5413 τῆς
256 5341 405 5405 metatus·
796 5355 960 5414 Nesciebant
976 5357 1049 5412 eninr
1065 5357 1212 5429 quidquam
1235 5357 1269 5413 de
1292 5360 1491 5419 rerurrectione
1507 5373 1582 5418 ante·

795 5465 875 5522 qtrarn
891 5451 1071 5523 contingeret.
1339 5515 1341 5520 ¹

141 5522 171 5575 ὲν
190 5521 352 5594 παροιμίαις
370 5522 505 5599 λελάληκα
527 5531 601 5604 ὑμῖν.
615 5536 744 5609 Ἔρχεται
832 5540 916 5597 i'trttu.
931 5541 978 5599 25.
1000 5560 1009 5596 t
1028 5541 1090 5598 lice
1116 5543 1141 5597 in
1159 5543 1310 5613 proverbiis
1324 5542 1430 5602 loculus
1449 5562 1511 5605 aunt
1531 5562 1580 5606 ro·

128 5709 186 5757 κος.
225 5694 295 5753 ‘'Cr.
309 5700 435 5771 ἠθέλησε.
