3817 6075
138 399 173 473 tt
261 404 265 412 ·
715 378 1189 464 nrsnrussnnncnnsrs.
1727 402 1761 470 ts

135 520 219 577 notis.
232 517 272 575 Et
286 514 407 589 ejusdem
421 514 581 572 commelini
595 513 700 569 odieina
719 513 794 577 tuh-t,
809 513 836 568 8.
854 516 941 585 Λιηυο
955 515 1015 569 sinc
1030 517 1101 571 notis
1113 516 1140 570 in
1156 527 1221 572 torn.
1237 515 1258 572 t
1273 517 1446 575 Bibliothecae
1457 518 1571 575 Petrum·
1580 518 1760 577 coloniensis.

136 635 164 679 et
181 632 247 679 tom.
262 620 330 687 llll,
344 636 405 693 pay.
423 620 485 685 tas,
501 618 598 689 bugd,
615 616 695 670 1677.
710 617 791 689 {hdd
809 619 868 672 (tat.
886 617 952 673 bibl.
970 617 1058 684 held,
1075 635 1135 691 pag.
1151 618 1209 692 ὅθι]
1365 608 1369 615 ’

171 727 265 783 Graece
281 735 309 782 et
323 724 416 779 Latine
432 732 500 779 orat.
518 739 561 786 ιι,
576 721 608 775 ad
622 721 724 775 calcem
740 720 862 791 Gregorii
887 718 1093 796 Tiraumatnryi,
1111 740 1164 780 nna
1175 740 1238 781 enm
1253 725 1369 783 blacerio
1379 727 1503 799 AEyyptio
1519 737 1547 783 et
1557 726 1694 784 canonicis
1710 727 1761 783 Pa-

138 843 210 889 trum
240 832 374 904 epistolis,
404 829 573 901 expositione
596 826 709 883 loannis
735 827 847 881 zonara·
876 828 1026 897 illustratis,
1053 827 1152 889 Paris..
1181 828 1260 894 tusa,
1281 828 1328 885 iol.
1353 829 1484 885 llaittaire
1501 833 1544 895 Α,
1560 840 1625 885 tom.
1638 829 1682 895 lli,
1698 845 1758 901 pay.

137 937 190 993 879
204 934 275 1009 serp]
536 934 538 938 ’
1595 928 1599 935 ’

171 1039 340 1111 Dauoqueios
354 1037 435 1092 nullis
447 1050 514 1090 mss.
523 1036 672 1098 codicibus,
684 1035 731 1088 sed
744 1034 801 1088 sola
812 1034 1025 1090 Conrmeiiniana
1034 1034 1153 1090 editione
1163 1033 1214 1089 luit
1226 1050 1301 1101 usus,
1310 1052 1398 1107 neque
1413 1037 1440 1092 in
1452 1037 1576 1093 versione
1587 1053 1694 1108 semper
1704 1052 1761 1093 rem

136 1161 186 1201 acu
202 1142 286 1215 tetigit
299 1158 306 1207 ;
321 1140 498 1212 quamobrem
513 1139 731 1210 perstringitnrn
750 1138 923 1204 Casauheno,
942 1154 1003 1209 pay.
1019 1137 1064 1204 θίι,
1084 1138 1117 1193 ad
1140 1138 1282 1209 epistolam
1296 1139 1421 1210 Nysseni,
1437 1151 1465 1197 et
1479 1157 1493 1195 a
1506 1140 1668 1196 Combehsio
1679 1141 1705 1194 in
1716 1139 1762 1194 Bi-

136 1247 270 1305 bliotirees
282 1244 486 1301 concionatoria
503 1243 612 1300 Parrum
625 1244 791 1307 Graecorum,
804 1244 850 1313 qui
872 1241 1054 1313 Dansyneium
1071 1241 1189 1312 appellat
1203 1259 1249 1296 nee
1264 1244 1330 1297 satis
1344 1242 1479 1310 Grerum,
1498 1261 1545 1299 nec
1564 1246 1642 1315 prote
1663 1244 1762 1300 theolo-

135 1368 207 1424 yum,
223 1359 247 1405 et
258 1348 373 1420 iuuenili
385 1348 502 1419 quodem
520 1347 688 1417 affectatione
709 1364 760 1400 uon
781 1347 928 1417 illepidum.
945 1346 1019 1403 idem
1035 1347 1061 1403 in
1079 1348 1208 1403 ductario
1232 1363 1304 1403 noro
1329 1349 1504 1406 bibliothecae
1519 1350 1640 1415 Petrum,
1657 1359 1723 1406 torn.
1739 1351 1760 1411 Ι.

135 1470 197 1527 pay.
209 1452 262 1509 θίίθ
274 1469 282 1508 ι
300 1451 472 1520 Deprehendi,
495 1450 594 1521 inquit,
607 1468 683 1505 ussus
694 1452 862 1521 interpretem
876 1453 970 1507 vitioso
989 1451 1079 1505 multis
1093 1451 1189 1515 codice,
1202 1461 1229 1504 ut
1244 1467 1313 1519 repe
1324 1452 1349 1505 ei
1360 1452 1490 1506 miraculo
1506 1456 1568 1518 rint,
1583 1469 1615 1505 uc
1626 1452 1775 1521 Basilisci

136 1562 224 1631 liores,
241 1560 285 1614 ubi
299 1559 400 1613 locante
414 1567 474 1612 sunt
485 1557 593 1629 αίίαηνι
602 1558 666 1613 nitio
679 1559 827 1627 scriptionis
841 1574 850 1612 .·
866 1568 893 1612 nt
907 1575 958 1612 ιιοιι
974 1557 1067 1611 inutile
1081 1556 1220 1611 moliturus
1233 1567 1296 1611 esset
1313 1574 1387 1627 epus,
1400 1558 1445 1629 yni
1455 1558 1604 1612 melioribus
1618 1558 1761 1613 instructus

138 1665 267 1722 codicione
280 1662 411 1719 Basilinm
427 1664 557 1735 inteyrrrm
574 1665 776 1721 emendatiorem
789 1666 884 1718 iterum
903 1660 977 1733 prelo
990 1659 1138 1713 mandaret.
1154 1660 1255 1713 Facere
1274 1660 1327 1715 boc
1346 1659 1464 1715 instituit
1477 1659 1617 1715 Emericus
1629 1660 1760 1731 Bigotius,

135 1770 299 1838 scriamque,
313 1776 383 1823 teste
391 1765 453 1822 alibi
465 1766 638 1833 Gombellsio,
654 1781 765 1838 operam
779 1766 868 1822 Basilii
885 1763 1061 1822 recensendis
1074 1772 1156 1834 atque
1171 1763 1340 1819 illustrandis
1353 1764 1461 1834 scriptis
1471 1763 1591 1827 navarit,
1603 1765 1682 1835 cujus
1696 1780 1761 1819 ern-

135 1871 199 1945 pitae
216 1870 356 1927 industriae
371 1870 504 1927 irnctibus
517 1869 588 1941 quod
600 1886 693 1926 carere
704 1870 835 1941 cogimur,
846 1870 993 1926 dolendum
1006 1879 1057 1925 est.
1067 1867 1120 1937 Qui
1136 1870 1240 1926 interea
1252 1886 1350 1926 noram
1362 1871 1444 1938 huius
1458 1872 1598 1943 scriptoris
1612 1872 1759 1928 editionem

134 1990 232 2046 parare
247 1975 344 2030 usibus
355 1973 473 2045 puhlicis
484 1973 610 2040 voluerit,
624 1973 648 2029 ei
662 1974 717 2043 jann
736 1972 850 2043 praeivit·
860 1971 932 2029 idern
943 1972 1134 2037 Combelisins,
1145 1973 1192 2043 qni
1216 1974 1244 2028 in
1259 1973 1426 2029 Bibliotheca
1444 1976 1658 2037 concionatoria.
1676 1991 1761 2045 opere

136 2080 298 2135 octateucho
310 2079 414 2143 Puris,
424 2078 503 2141 tuba,
516 2077 563 2133 lol.
579 2084 607 2133 et
620 2077 775 2149 diligentius
787 2076 815 2131 in
827 2076 989 2134 Ecclesiaste
1001 2076 1106 2144 Graeuo,
1124 2078 1201 2142 ibid..
1216 2076 1296 2139 ίθίί,
1310 2077 1337 2143 ί,
1352 2078 1437 2133 multa
1452 2079 1479 2133 in
1494 2080 1613 2135 homiliis
1624 2079 1713 2135 Basilii
1726 2080 1762 2135 ad

136 2186 360 2242 Graeooseodices
372 2200 437 2240 rnss.
455 2183 569 2249 collatis,
580 2183 683 2239 rectius
696 2183 869 2254 pressiusque
887 2184 1082 2254 interpretatus
1095 2189 1155 2249 est,
1170 2181 1235 2239 lieet
1249 2182 1312 2255 styli
1328 2183 1389 2254 ejus
1405 2184 1621 2256 stribliginemet
1636 2184 1761 2239 obscuri-

137 2294 219 2341 tatem
234 2294 342 2343 accuset
357 2284 428 2341 Elias
441 2286 477 2341 du
494 2285 555 2352 Pin,
569 2292 636 2341 torn.
652 2283 685 2339 tt
701 2285 770 2340 Bihl.
787 2284 951 2356 scriptorum
962 2286 1127 2356 ecclesiast..
1140 2302 1204 2362 pay.
1216 2288 1281 2347 209.
1292 2289 1340 2362 'lin
1355 2290 1456 2346 eatena
1476 2289 1585 2346 blacarii
1608 2291 1636 2345 in
1659 2290 1762 2345 Lucam

137 2399 200 2444 sunt
213 2388 293 2444 basil.
308 2389 360 2445 hcl.
377 2390 443 2446 luca.
461 2387 557 2461 liram]

448 2538 488 2598 In
502 2538 638 2600 editione
652 2538 828 2631 Porisiensi
840 2557 915 2600 nnn.
935 2537 1026 2617 1622,
1045 2540 1117 2621 sol,
1129 2549 1282 2621 pretereo
1298 2552 1446 2603 eastum.-

171 2678 287 2748 ίίρὰξτις
303 2681 348 2729 καί
365 2674 491 2747 θαύματα
507 2677 556 2747 τῆς
572 2676 652 2745 ἁγίας
664 2676 814 2730 ἀποστόλου
831 2675 879 2729 καί
893 2676 1129 2749 τριντομὰρτυρος
1149 2675 1266 2749 θίιιλης,
1288 2677 1354 2731 Actu
1378 2687 1402 2731 et
1425 2678 1554 2733 miracula
1573 2687 1672 2733 muctar
1695 2696 1761 2748 epo·

132 2783 193 2838 stoli
208 2792 232 2836 et
246 2780 448 2852 protomartyris
469 2778 578 2844 Theclae,
589 2780 698 2851 oiryinis
709 2777 870 2844 desideruis,
890 2779 964 2835 libris
980 2782 1080 2835 dnobus
1096 2780 1277 2851 συγγραφικῷ
1295 2782 1468 2854 χαρακτῆρι,
1483 2782 1540 2838 sire
1554 2784 1676 2852 prosario
1698 2799 1759 2838 ser·

134 2902 215 2943 niune
227 2885 372 2960 descripta.
394 2884 456 2941 llrec
470 2885 574 2956 primus
590 2900 653 2940 eum
670 2886 796 2941 versione
807 2900 856 2941 sna
877 2893 905 2941 et
927 2886 1000 2941 notis
1015 2884 1099 2940 edidit
1114 2884 1212 2940 Petrus
1227 2883 1370 2951 Pantinns,
1386 2885 1537 2952 Tiletanus,
1550 2886 1671 2943 decanus
1688 2888 1758 2943 Bru·

135 2991 272 3057 aeliensis,
290 2992 418 3062 dntrrerp.
435 3004 469 3047 ex
483 2989 590 3046 officina
611 2989 741 3056 Plautia„
754 2988 832 3058 ttius,
848 2989 881 3057 l;
897 2988 1042 3060 subiuncta
1057 2986 1150 3044 Graece
1162 2995 1190 3044 et
1204 2988 1299 3045 Latine
1315 2988 1375 3046 Vita
1389 2991 1510 3062 ejusdem
1526 2991 1644 3058 Theelae,
1658 2995 1759 3065 scripta

134 3094 289 3150 sSimeone
303 3093 494 3164 hletaphraste,
512 3095 560 3150 sed
575 3110 635 3165 quae
659 3094 693 3149 ab
711 3094 831 3149 editione
852 3093 997 3151 Parisiensi
1015 3094 1092 3149 abest
1103 3094 1153 3164 (a).
1179 3094 1315 3151 Generum
1332 3095 1400 3151 heta
1420 3096 1538 3161 Theelae,
1561 3114 1622 3167 quae
1640 3101 1761 3155 carniine

133 3197 309 3268 eernpositaa
325 3198 425 3255 Basilio
441 3197 555 3254 Photins
575 3199 611 3268 (ἁ)
631 3208 773 3264 memorat,
790 3200 896 3269 pridem
909 3197 1116 3254 interciderunt.
1127 3196 1207 3254 Certe
1218 3208 1318 3269 praeter
1330 3199 1398 3254 duos
1411 3199 1514 3262 libros,
1531 3216 1600 3268 quos
1615 3201 1759 3276 habemns

133 3301 184 3355 alia
201 3301 283 3356 etiam
303 3300 337 3356 de
351 3301 395 3356 illa
412 3308 529 3373 martyre
542 3301 684 3372 scripsisse
694 3317 724 3358 se
733 3302 847 3359 Basilius
858 3301 931 3358 hand
949 3302 1067 3357 obscure
1081 3300 1181 3357 indicat
1194 3302 1244 3357 sub
1258 3301 1320 3357 libri
1331 3303 1444 3358 secundi
1457 3302 1564 3378 initium
1581 3322 1587 3355 :
1603 3303 1719 3374 Εἴρηται
1731 3305 1760 3356 δὲ

132 3404 264 3474 ημίνηθη
280 3402 409 3475 περὶτῆς
425 3404 565 3476 μάρτυρος
582 3405 724 3472 πολλθττ,
747 3408 794 3460 καί
817 3407 935 3477 μάλιστα
957 3408 1029 3463 κατὰ
1052 3409 1082 3461 sd
1106 3407 1242 3478 προλαθθν
1264 3408 1330 3478 περὶ
1352 3408 1437 3478 αὐτῆς
1455 3388 1610 3478 σύνταγμα.
1627 3407 1662 3461 Ar
1684 3409 1759 3461 enirn

133 3506 285 3576 antiquiora
302 3505 337 3576 (r)
357 3507 367 3577 (
376 3507 466 3576 qualia
484 3506 668 3565 Tertullianus
682 3509 780 3578 legisse
797 3525 827 3565 se
844 3510 952 3582 innuitl
968 3522 1069 3568 sanctae
1085 3512 1193 3567 Theclae
1207 3519 1267 3567 scta
1284 3520 1408 3568 secutum
1423 3527 1452 3566 se
1468 3521 1592 3577 testatur,
1608 3512 1716 3581 qnando
1732 3512 1758 3563 in

133 3607 244 3662 esordio
254 3606 337 3663 libris
352 3608 399 3676 ait,
411 3608 483 3679 quod
502 3610 569 3665 nolit
583 3611 730 3682 qrridqnarn
747 3612 775 3666 in
791 3612 844 3668 hoe
858 3627 940 3682 opere
952 3613 1051 3671 afferre
1073 3615 1125 3679 ἔξω
1150 3614 1197 3670 τοῦ
1223 3615 1325 3671 σκοποῦ
1348 3617 1403 3671 τῶν
1429 3617 1515 3672 ιιὰλαι
1533 3616 1758 3687 συγγραφένιων.

134 3711 233 3767 l'crum
253 3715 286 3768 δι’
301 3713 398 3786 ίτέρας
415 3715 504 3787 μόνον,
519 3716 557 3781 ὡς
570 3717 657 3771 alneis
671 3717 809 3790 συνθήκης
824 3721 872 3773 καί
890 3717 990 3784 λίξτως
1005 3718 1051 3773 τὸν
1070 3720 1161 3784 ἄλλοις
1181 3721 1388 3794 προτονηθίντα
1408 3724 1489 3776 πόνον
1503 3720 1694 3775 οίιιειὼσασθαι
1711 3734 1759 3787 και

132 3816 280 3872 ἀναθέσθαι
296 3821 328 3891 τη
344 3818 460 3894 μεγίστη
475 3822 605 3894 μάρτυρι,
623 3823 838 3896 προσυφηναντα
849 3823 918 3896 αὐτῇ
933 3822 980 3876 καί
993 3823 1164 3896 δημηγορίας
1178 3824 1247 3877 κατὰ
1262 3824 1293 3878 σθ
1306 3824 1490 3896 ίνθσχθμευον,
1506 3834 1560 3880 etc.
1577 3824 1698 3889 hexiani,
1709 3826 1758 3879 de·

133 3923 250 3980 cessoris
260 3923 302 3980 sni
316 3923 344 3979 in
355 3925 513 3998 episcopatu
526 3924 705 3992 seleuciensi,
722 3925 846 3983 meminit
859 3927 908 3983 lib.
928 3942 960 3994 rr,
971 3942 997 3982 c.
1014 3927 1059 3992 ib,
1077 3929 1120 3993 t7,
1136 3926 1187 3991 oth
1201 3926 1317 4000 Olympii
1329 3929 1442 4001 ejusque
1452 3929 1537 3999 patris
1551 3929 1649 4000 alypii,
1666 3946 1758 4001 γραμ-

93 4095 95 4098 y
134 4024 325 4096 praemonet
343 4028 452 4086 isoeasii
471 4032 555 4102 atque
571 4031 724 4098 hretarehi,
746 4031 930 4101 sophistarum
950 4030 1053 4086 merrtio
1071 4045 1131 4101 cap.
1146 4031 1181 4086 bl
1201 4047 1258 4102 seq.
1275 4033 1397 4102 eiusdem
1413 4033 1490 4088 libri.

570 4177 611 4238 ίιι
625 4177 802 4240 Poririensi
818 4178 914 4238 etium
936 4175 1072 4237 editione
1088 4176 1309 4239 desiderantur
1325 4200 1335 4238 .·

169 4305 194 4358 ί.
218 4303 334 4358 Humilia
348 4304 380 4357 de
392 4314 482 4358 sancto
496 4303 647 4374 Steplnnto,¹
664 4314 874 4373 protomartyre,
891 4315 914 4358 et
932 4303 990 4372 ey‘nr
1007 4304 1123 4374 reliquiis
1142 4309 1194 4376 (h.
1209 4311 1241 4364 G.
1260 4310 1313 4364 tte
1330 4311 1475 4381 repertis),
1493 4312 1586 4368 Graece
1608 4324 1636 4368 ct
1661 4314 1756 4369 Lntssne

132 4410 206 4466 edita
225 4425 241 4465 a
263 4406 406 4462 francisco
420 4404 583 4461 Conrhehsio
600 4421 653 4460 una
676 4422 739 4461 cnm
762 4407 848 4462 sancti
863 4406 1048 4478 chrysostomi
1065 4408 1158 4472 variis,
1179 4420 1208 4464 et
1223 4410 1374 4478 severiani,
1394 4412 1558 4469 Gnhnlnnnn
1574 4419 1704 4489 episcop,
1722 4421 1755 4472 de

167 4733 205 4803 ln)
227 4730 265 4785 lle
281 4730 335 4785 rita
352 4737 380 4784 et
399 4730 537 4785 miraculis
562 4726 590 4783 S.
607 4729 714 4785 Thena
737 4730 798 4786 libri
816 4748 846 4796 n,
866 4732 913 4786 Gr.
967 4736 1016 4801 τῆς
1029 4736 1107 4803 ἁγίας
1122 4739 1270 4792 ἀποστόλου
1286 4741 1333 4793 καί
1350 4741 1488 4812 μάρτυρος
1503 4741 1607 4809 denir<
1628 4759 1753 4810 συγγρα-

132 4818 194 4854 curn
216 4799 341 4855 versione
356 4797 416 4853 Lat.
433 4809 471 4860 et.
483 4799 555 4854 notis
575 4797 646 4853 Petri
668 4798 786 4864 Pantini,
802 4817 864 4855 curn
881 4818 915 4856 ιι
969 4805 1040 4874 φικῷ
1059 4807 1182 4876 χαρακτῆ
1204 4827 1212 4862 ι
1230 4808 1336 4878 προθεω
1358 4811 1403 4873 ία,
1417 4819 1446 4864 et
1464 4827 1493 4865 n.
1509 4810 1526 4862 θ
1540 4829 1546 4862 :
1560 4812 1691 4874 θαύματι
1706 4814 1755 4880 τῆς

132 4879 201 4949 srrnt.
217 4870 305 4924 Basilii
322 4869 377 4924 set.
401 4878 428 4922 et
446 4868 526 4939 (ἔτερ.
541 4867 734 4950 Thaumatnryl
749 4909 756 4931 ,
774 4879 827 4925 ctu.
844 4869 913 4940 0pp·
969 4874 1049 4938 ἁγίας
1064 4824 1295 4947 πριοτομίρτυρος
1310 4828 1414 4947 Θῖκλης
1432 4879 1595 4950 προθτωρία.
1616 4881 1641 4932 l'.
1659 4881 1753 4933 ilntth.

134 4939 232 5001 Paris„
243 4940 321 5002 ihil,
338 4939 384 4994 iol.
402 4938 430 4993 V.
447 4939 623 5008 llamberyer.
638 4937 689 4991 loc.
702 4948 760 5002 ert,
781 4954 840 5008 pag.
853 4941 915 5002 tut,
968 4942 1052 4997 Notit.
1064 4945 1142 4998 codd.
1162 4946 1258 5016 ίίοοη..
1272 4962 1333 5015 pay.
1347 4947 1364 5001 5
1378 4955 1406 5001 et
1417 4949 1444 5003 ί.
1461 4979 1497 4989 -
1510 4949 1645 5002 dudonem
1665 4949 1754 5002 {insitii

134 5018 162 5060 et
178 5007 250 5060 Care
264 5009 280 5060 l.
297 5024 429 5076 nrern.,p.
444 5008 506 5073 tat,
519 5008 564 5079 qui
586 5008 839 5077 negat,illoslihros
852 5025 914 5064 esse
969 5011 1075 5067 Seleuc.
1102 5014 1213 5083 liguram
1238 5017 1263 5069 in
1281 5017 1339 5070 llita
1365 5015 1486 5083 Theclae,
1502 5035 1561 5087 pag.
1579 5019 1595 5072 8
1614 5035 1620 5067 :
1647 5019 1755 5070 Ἰκόνιον

135 5075 223 5129 insitii
238 5076 380 5131 Seleuc.-
395 5079 484 5133 Basilii
501 5079 574 5133 horn.
589 5078 616 5130 itt
630 5079 658 5132 S.
672 5077 800 5132 Tlteclant
818 5079 913 5133 incuti.
968 5082 1044 5144 πόλις
1067 5082 1121 5133 τῶν
1143 5085 1260 5137 theraeo
1277 5087 1325 5138 καί
1339 5087 1453 5154 Φρυγῶν
1467 5087 1558 5156 γιίιρας
1573 5090 1601 5138 ὲν
1617 5087 1755 5156 Πριοιμίηι

137 5146 219 5198 i'nris.
240 5143 315 5224 bibl..
332 5148 519 5213 puhlnoxxr,
545 5163 573 5201 n.
590 5145 683 5201 ht-
704 5148 859 5218 hlurtyriunr
885 5146 914 5202 S.
968 5151 1102 5220 κειμένη,
1125 5155 1211 5221 carpit
1239 5155 1394 5208 llcrnsterh.
1411 5156 1444 5209 ad
1472 5148 1581 5211 ercinni
1601 5156 1753 5220 Snrnninrn,

135 5212 361 5283 'ilreelaevrryrnis
379 5226 406 5269 et
420 5219 552 5284 martyris.
567 5218 774 5288 conscriptunra
790 5217 916 5272 Sinteone
968 5222 1061 5288 caph
1082 5223 1139 5280 lim,
1155 5237 1215 5288 pag.
1233 5223 1259 5276 li.
1277 5222 1363 5276 torn.l
1380 5225 1489 5278 luciani
1508 5227 1576 5293 0pp.
1597 5225 1678 5278 Hinc.
1695 5284 1697 5288 ,

135 5281 333 5349 lietaphraste,
364 5286 534 5338 l'r'ndohonrne
559 5286 585 5339 in
606 5289 665 5343 eod.
684 5304 737 5351 rvr,
754 5302 782 5340 n.
798 5287 842 5341 23.
860 5288 915 5342 l'id.
1007 5287 1043 5358 (hi
1065 5287 1177 5341 Plrntins
1194 5292 1254 5343 cod.
1271 5295 1461 5346 ccxvrrr.'licrr
1478 5294 1506 5346 δὲ
1522 5294 1660 5355 buriano,-
1676 5293 1755 5355 οὗτος

135 5349 229 5403 Lutnh.
243 5349 345 5404 Connn.
363 5352 430 5416 l'ttt,
443 5368 469 5421 p.
489 5355 549 5413 518,
562 5355 714 5410 odiuntur.
726 5358 771 5426 qul
796 5355 822 5409 in
841 5372 868 5410 ιι.
883 5357 916 5420 il,
969 5360 1044 5410 ὁκαὶ
1081 5357 1169 5424 ἐτροις
1189 5360 1312 5422 ἐκτείνας
1333 5365 1367 5414 τὰ
1390 5364 1752 5433 τῆςιιρωτομὰρτυροςθέ·

136 5435 162 5486 p.
174 5418 236 5497 Ι519.
250 5416 286 5470 he
298 5422 368 5498 aliis.
380 5422 543 5490 inquinejns·
560 5426 678 5489 nrnrtyrii
694 5428 760 5479 actis
777 5424 919 5494 hagiogra·
968 5426 1036 5493 κίης
1069 5440 1121 5493 ργα
1136 5429 1183 5476 καί
1196 5422 1264 5478 ἆθλα
1280 5431 1327 5481 καί
1341 5433 1495 5502 νικητήρια,
1513 5433 1566 5485 Καί
1581 5432 1649 5485 ἄλλα
1663 5433 1690 5483 δὲ
1705 5433 1754 5483 αἰ-

135 5489 182 5558 pln
195 5488 226 5540 nd
240 5502 304 5539 nnnr
313 5491 451 5554 hepternh.
462 5490 488 5541 in
500 5507 598 5557 praesto
606 5493 802 5546 commentario
813 5493 919 5546 erudite
966 5493 1014 5545 τοῦ
1046 5493 1248 5561 συγγράμματα
1271 5499 1392 5567 φέρεται.

135 5560 284 5620 disserunt,
294 5557 337 5610 ubi
349 5573 456 5625 rynnque
468 5557 527 5612 haec
537 5557 727 5628 lietaphrastae
738 5570 807 5622 aeta,
820 5576 846 5628 p.
856 5561 918 5621 5i8,
1004 5562 1038 5628 (r)
1059 5561 1168 5621 Confer.
1189 5565 1210 5616 si
1231 5565 1334 5633 plne-ct.
1355 5569 1419 5623 ann
1437 5572 1546 5639 antiqua
1561 5569 1668 5624 Threlm
1690 5585 1752 5637 ortae

134 5642 164 5681 n,
180 5627 223 5685 lb,
238 5627 316 5697 nigro
329 5627 432 5679 calculo
448 5636 513 5678 snnt
526 5634 672 5680 notats.-
683 5633 797 5697 Mosynrr
812 5628 837 5679 in
851 5627 918 5681 Bibl.
968 5629 1061 5682 Gnere
1075 5640 1099 5682 et
1121 5630 1215 5684 Latine
1230 5634 1343 5699 nriynrit
1358 5636 1483 5697 Grnhins.
1506 5650 1570 5692 torn.
1585 5639 1594 5691 l
1615 5642 1670 5707 api·
1681 5639 1751 5709 ilryii

134 5695 232 5773 synod.
244 5696 305 5752 cud.
321 5711 393 5759 nst,
404 5711 431 5749 n.
447 5695 460 5748 l
476 5712 482 5749 :
500 5693 679 5748 Βασιλτίου-
692 5700 731 5760 είς
745 5697 793 5758 :lc
808 5696 920 5765 πράξεις
972 5696 1098 5763 Patrtnn,
1118 5701 1204 5754 Orotr.
1219 5703 1286 5758 tubo
1302 5715 1329 5756 ut
1349 5707 1425 5771 titt,
1442 5710 1468 5763 8.
1485 5709 1563 5762 Faun.
