3817 6075
147 315 200 379 889
663 312 827 375 EUDOCIA
845 312 1033 374 sehusun.
1046 337 1081 347 -
1093 312 1257 374 NOTITIA.
1718 314 1772 375 830

147 427 226 484 urbis
235 426 424 495 instaurasset,
447 426 577 498 templum
595 427 741 498 splendore
752 443 784 484 ac
803 428 1008 499 pulchritudine
1023 428 1153 483 eximium
1175 428 1402 499 primoomnium
1415 430 1531 486 ‹liacone
1542 444 1573 486 ac
1585 430 1696 501 martyri
1713 429 1775 485 Ste-

148 518 241 589 phane
254 518 425 583 aedificasset,
445 518 473 573 in
482 534 516 574 co
527 519 698 591 postmodum
711 517 834 588 deposita
848 525 901 573 est.

183 607 268 663 Nobis
279 608 369 678 itaque
382 609 495 681 contigit
509 609 536 665 in
552 609 720 666 recensendo
739 606 929 678 antiquissime
946 607 1039 663 codiee
1056 623 1082 673 s,
1098 607 1181 679 plutei
1196 605 1253 673 Vll,
1269 608 1297 663 in
1314 622 1370 680 que
1395 609 1486 665 omnia
1499 606 1529 665 S.
1545 607 1626 680 Grcg.
1640 608 1770 680 Theolegi

147 694 326 754 Carmina.et
338 695 428 750 Nonni
447 695 613 766 Panopolitae
632 698 660 752 in
681 695 857 767 Euangelium
873 694 901 749 S.
918 695 1033 751 ioannis
1052 695 1229 768 lietaphrasis
1247 698 1433 767 continemur,
1457 701 1527 755 banc
1546 700 1769 770 pretiosissimam

148 803 281 859 gemmam
296 803 403 844 eruere.
422 787 489 843 [ium
506 789 578 845 enim
592 790 698 863 singula
713 789 825 856 codicis,
841 796 921 860 prout
940 789 1057 844 instituti
1072 790 1159 845 nostri
1171 790 1224 848 lert
1234 791 1314 857 ratio,
1327 807 1389 848 cnm
1404 792 1484 849 editis
1498 794 1698 857 conferremus,
1709 799 1772 862 post

148 892 222 933 vers.
236 877 446 944 statuentem
460 879 603 949 poematis,
616 880 669 936 alia
681 880 717 936 ab
728 880 824 937 eadem
842 880 985 951 scriptoris
998 895 1092 947 manu,
1116 882 1152 937 ab
1164 898 1198 938 eo
1209 893 1369 956 argumento
1390 893 1448 941 toto
1461 886 1531 941 eoelo
1543 886 1708 948 aberrantia.
1727 886 1771 939 in·

147 979 264 1026 terserta
274 969 526 1037 animadvertimus,
543 988 606 1043 quar
618 973 714 1030 sedulo
734 972 948 1045 perpendentes,
961 972 1073 1029 tandem
1092 988 1198 1031 summa
1216 975 1301 1031 animi
1312 975 1451 1047 uoluptate
1470 976 1654 1046 comperimus
1665 984 1770 1046 partem
1838 987 1848 998 ·

147 1075 209 1116 esse
218 1058 405 1131 poematis,de
418 1061 547 1133 martyrio
561 1060 591 1116 S.
606 1061 732 1134 cypriani
748 1060 934 1118 adectissima
947 1060 1070 1116 Eudecia
1085 1062 1243 1133 conscripti.
1256 1062 1334 1130 Quod
1345 1079 1408 1119 cunr
1421 1064 1525 1135 pridem
1541 1064 1712 1136 deperditum
1722 1068 1769 1132 sit,

146 1151 308 1222 superstites
318 1150 462 1208 basueluti
479 1152 625 1209 miserrimi
637 1152 769 1227 nanlragii
783 1151 899 1213 tabulas.
913 1152 1035 1207 omnium
1056 1152 1145 1223 primi.
1172 1153 1201 1209 in
1220 1154 1365 1226 propatulo
1380 1156 1523 1223 collocare,
1538 1155 1654 1227 publicae
1667 1156 1771 1211 stedie-

146 1260 240 1299 sorum
253 1246 361 1302 utilitati
373 1245 529 1318 gloriamur.
541 1245 727 1303 Incredibilem
743 1244 920 1302 adhibuimus
944 1244 1124 1317 diligentiam,
1137 1255 1167 1302 ut
1180 1253 1235 1302 tarn
1254 1247 1360 1321 insigne
1375 1256 1581 1304 monumentum
1596 1263 1630 1304 et
1643 1250 1771 1305 minutis-

146 1335 224 1390 simis
234 1345 315 1407 atque
329 1336 456 1392 evanidis
475 1336 636 1408 plerumque
649 1336 748 1392 litteris
769 1343 876 1391 eruturn
893 1332 999 1389 Latinis
1018 1334 1101 1390 blesis
1116 1335 1212 1405 majori
1226 1351 1278 1406 qna
1295 1347 1389 1407 posset
1405 1337 1458 1393 hde
1471 1346 1499 1393 et
1521 1337 1654 1409 elegantia
1671 1337 1771 1392 redde·

147 1439 223 1485 retur
240 1431 303 1501 (qua
317 1432 426 1502 quidem
439 1433 468 1487 in
486 1447 515 1487 re
533 1441 572 1488 tet
585 1432 721 1502 tantisque
734 1427 938 1488 difficultatibus
957 1427 1056 1491 obsita,
1071 1428 1150 1484 nobis
1160 1437 1261 1500 praesto
1276 1428 1329 1484 luit
1340 1430 1470 1501 optimus,
1490 1445 1522 1485 ac
1531 1428 1770 1502 praesentissimus

144 1523 254 1594 juvenis
268 1523 334 1579 Ant.
359 1522 474 1589 Sartius,
493 1523 595 1581 Graecis
612 1522 770 1595 Latinisque
784 1520 882 1577 litteris
900 1519 1007 1591 egregie
1027 1520 1162 1587 excultus,
1184 1520 1327 1576 familiaris
1341 1531 1444 1588 noster,
1467 1537 1499 1577 ac
1519 1522 1670 1577 studiorum
1691 1521 1769 1575 inde·

146 1608 235 1668 lessus
258 1614 388 1684 adjutor),
407 1614 467 1669 haec
496 1613 644 1670 tentamina
667 1613 736 1681 aliis,
757 1612 857 1684 quibus
879 1612 969 1683 majus
988 1611 1108 1682 suppetit
1121 1610 1219 1680 ehem,
1238 1626 1271 1669 ac
1282 1611 1405 1669 mitiores
1423 1624 1488 1670 sunt
1504 1611 1587 1670 llusae
1609 1614 1769 1685 expolienda
1846 1637 1848 1642 ·

146 1701 345 1773 relinquentes.
1620 1745 1626 1758 .

181 1794 404 1867 Praetereaque
418 1796 452 1853 de
464 1795 493 1851 8.
505 1794 632 1867 cypriani
649 1796 702 1850 uita
717 1804 745 1851 et
757 1795 887 1867 martyrio
901 1794 973 1865 apud
987 1792 1161 1849 Theodorum
1172 1793 1334 1850 Ruinartum
1344 1794 1475 1850 babemus
1486 1795 1512 1849 in
1527 1796 1601 1851 Actis
1611 1805 1768 1868 martyrum,

76 1923 79 1936 .
146 1897 263 1954 possunt
276 1896 304 1944 et
317 1889 370 1944 alia
390 1889 476 1945 multa
496 1888 610 1960 prelerri
631 1904 693 1958 quae
704 1887 739 1943 dc
754 1887 814 1958 ejus
828 1888 953 1944 laudibus
975 1886 1027 1942 88.
1043 1885 1139 1942 Patres
1149 1888 1381 1959 conscripserunt.
1399 1886 1459 1942 Prae
1473 1888 1599 1944 omnihus
1613 1890 1642 1944 in
1656 1905 1690 1945 ce
1712 1891 1770 1945 lau·

146 1980 238 2037 dando
255 1982 385 2038 excelluit
406 1982 435 2038 S.
448 1982 627 2055 Augustinus,
646 1981 691 2052 qui
707 1996 847 2036 sermones
866 1982 987 2051 quinque
1001 1981 1034 2037 ad
1051 1980 1180 2052 populum
1194 1979 1435 2051 Carthaginensem
1455 1980 1549 2035 habuit
1564 1996 1641 2036 norae
1654 1982 1769 2039 edition.

145 2087 228 2127 serm.
258 2073 312 2129 309
340 2089 428 2145 seqq,
445 2074 570 2131 homilias
594 2073 662 2129 duas
679 2074 713 2129 de
737 2088 771 2128 ee
786 2073 873 2128 edidit
891 2072 920 2128 S.
941 2070 1074 2129 llaxinrns
1097 2071 1284 2136 laurinensis,
1301 2087 1383 2126 unam
1409 2070 1505 2128 Petrus
1522 2070 1713 2144 chrysologus.
1731 2076 1771 2130 lie

144 2163 241 2219 eodem
255 2166 394 2237 egregium
415 2162 539 2218 recitarit
551 2175 706 2217 sennonem
721 2160 750 2216 S.
769 2160 928 2232 Fulgentius
941 2160 1092 2231 lluspeesis
1105 2162 1259 2232 episeopus.
1274 2159 1330 2238 Nec
1344 2163 1550 2232 praetereundus
1568 2162 1677 2219 craecos
1699 2167 1772 2220 inter

145 2250 241 2308 Patres
253 2252 401 2324 Gregorius
415 2250 612 2314 Nazianzenus.
630 2249 730 2304 Verum
744 2248 771 2303 in
788 2248 849 2319 ejus
861 2248 895 2305 de
905 2247 933 2303 S.
949 2247 1085 2321 Cypriane
1097 2252 1221 2305 oratione
1234 2250 1299 2305 thud
1314 2250 1540 2320 estincemmedi,
1555 2254 1627 2324 quod
1641 2270 1769 2325 magnum

144 2345 309 2417 cyprianum
328 2341 569 2413 Carthaginensem
590 2339 747 2409 episcopum
770 2337 920 2395 corrluudat
949 2354 1013 2393 curn
1026 2339 1081 2395 alio
1099 2337 1246 2409 cypriano,
1267 2338 1314 2410 qni
1336 2355 1369 2393 et
1386 2354 1464 2411 mago
1482 2341 1653 2398 Christianus
1668 2342 1766 2410 lactus,

146 2452 208 2492 curn
221 2436 328 2492 lustina
340 2433 453 2505 uirgine,
463 2446 546 2503 quarn
568 2430 707 2487 uenellchs
722 2445 897 2501 eorrumpere
911 2430 1013 2487 trustra
1026 2439 1188 2496 tentamrat,
1212 2430 1370 2503 martyrium
1383 2432 1550 2489 Nicomediae
1561 2435 1613 2490 snh
1627 2431 1770 2491 Diocletia-

148 2545 185 2587 uo
209 2529 426 2587 subiissclcrtnr.
450 2528 480 2584 ln
505 2527 632 2584 eumdem
655 2527 801 2597 impegisse
827 2525 970 2597 scopulum
997 2526 1106 2582 uidetur
1133 2525 1298 2582 Prudentius
1326 2525 1354 2581 in
1379 2527 1479 2599 hymno
1502 2527 1537 2583 de
1562 2526 1593 2584 S.
1621 2526 1769 2600 Cypriane,

148 2636 176 2682 et
188 2625 303 2681 lindesia
313 2626 443 2696 hugueta,
456 2632 487 2677 nt
500 2637 534 2678 ex
546 2620 635 2676 Photii
650 2619 816 2686 testimonio,
831 2630 859 2675 et
873 2634 906 2675 ea
921 2619 974 2675 hec
987 2620 1046 2689 ipso
1063 2627 1188 2689 poemate
1203 2618 1296 2675 ridere
1308 2629 1362 2675 est.

182 2753 308 2810 Photiem
324 2754 432 2808 tandem
448 2750 697 2823 ipsumaudiamus,
708 2749 755 2821 qni
768 2747 851 2806 iacit.
862 2750 1046 2807 codeuxarru
1064 2749 1148 2806 totins
1162 2750 1288 2807 Eudociae
1297 2751 1431 2822 poematis
1441 2760 1703 2824 argumentemseu
1714 2768 1771 2807 nra·

145 2847 187 2902 ris
202 2844 411 2901 minutissimam
424 2842 554 2914 analysim
578 2841 669 2911 affert,
680 2856 713 2897 ex
733 2856 786 2911 qua
803 2839 1001 2912 unusquisqne,
1017 2839 1088 2894 unde
1106 2838 1286 2911 fragmentum
1299 2841 1352 2896 hoc
1369 2855 1384 2895 a
1400 2840 1480 2897 nobis
1493 2839 1644 2913 prelatum,
1661 2840 1772 2896 initium

144 2937 238 3004 ducat,
255 2945 285 2993 et
301 2937 346 2992 ubi
364 2936 480 2998 desinat,
496 2934 624 2991 facillime
639 2934 738 3005 peterit
748 2933 907 3005 intelligere.
919 2931 1009 2988 Photii
1025 2934 1106 2989 verba
1118 2942 1183 2988 sunt
1196 2932 1264 2989 ista:

184 3049 194 3082 ι
214 3029 272 3084 lloc
286 3029 346 3100 ipse
369 3028 433 3083 itern
452 3026 591 3082 volumine
618 3024 841 3090 continebantur,
865 3023 947 3079 simili
968 3037 1096 3079 uersuum
1118 3022 1205 3079 lorma
1224 3023 1382 3095 conscripti,
1406 3023 1466 3080 libri
1488 3032 1545 3081 tres
1566 3022 1713 3080 inlandem
1739 3022 1769 3080 tt.

144 3120 273 3194 cypriani
288 3119 435 3190 martyris:
450 3117 683 3187 ostendebantque
696 3116 740 3171 vel
755 3116 813 3186 ipsa
822 3115 954 3182 earmina,
969 3122 1001 3170 ut
1013 3113 1092 3170 liberi
1104 3121 1219 3170 matrem
1235 3115 1336 3181 solent,
1353 3116 1547 3187 huncquoque
1563 3117 1691 3189 Augustae
1708 3131 1770 3186 par·

145 3229 205 3276 tum
224 3229 285 3272 esse
300 3212 461 3285 legitimum.
485 3209 593 3265 Primus
616 3209 714 3264 herum
729 3207 799 3266 ther
815 3221 860 3263 res
878 3207 909 3262 B.
924 3204 1040 3263 lustina
1056 3207 1184 3280 martyris
1200 3209 1382 3279 persequitur,
1398 3216 1428 3263 nt
1441 3208 1469 3262 in
1484 3208 1701 3264 christianornm
1725 3206 1769 3263 illa

145 3323 292 3365 numerum
305 3305 577 3374 adoptata,parcntes
587 3315 695 3372 quoque
717 3314 781 3354 suos
795 3298 830 3353 ab
847 3298 982 3354 idolerum
995 3299 1070 3354 culte
1083 3298 1117 3354 ad
1130 3299 1187 3354 reri
1200 3298 1249 3356 nei
1262 3299 1365 3356 cultum
1379 3299 1549 3355 transtulerit
1561 3309 1664 3370 :utque
1676 3315 1770 3356 arnere

145 3396 257 3469 quidam
270 3393 330 3464 ejus
348 3401 454 3463 captus,
471 3389 570 3445 lrnstra
586 3388 789 3456 illaseiiicitata,
800 3387 836 3442 ad
850 3386 1015 3460 cyprianum
1027 3388 1267 3461 magicisdediturn
1276 3390 1379 3447 artilnrs
1388 3406 1418 3447 se
1428 3390 1583 3458 contulerit,
1595 3407 1695 3464 rogans
1708 3406 1770 3463 per-

144 3491 201 3547 dite
217 3485 320 3544 amanti
333 3493 483 3550 succurrat,
495 3498 526 3540 ac
541 3483 658 3554 puellam
673 3480 725 3538 sibi
738 3481 934 3551 obsequentem
947 3482 1054 3539 reddat.
1069 3478 1321 3554 hdditcyprianum
1337 3496 1433 3537 ornnes
1449 3482 1560 3554 magicae
1571 3483 1639 3537 artis
1649 3482 1769 3539 rationes

146 3585 284 3642 ineassum
300 3587 464 3643 tentantem,
484 3576 696 3632 violentissimos
708 3589 831 3647 quosque
851 3589 884 3629 ac
899 3575 1149 3645 perniciosissimos
1162 3575 1301 3631 demones
1314 3574 1503 3646 oppugnandae
1516 3574 1630 3645 virginis
1650 3575 1771 3631 castitati

144 3677 292 3733 immisisse
309 3674 382 3734 :hos
396 3686 460 3727 rere
478 3671 581 3740 pudore
592 3669 724 3736 suessos,
735 3669 877 3739 victosque
891 3675 1071 3725 nemmem
1086 3669 1175 3725 emeis
1196 3669 1284 3742 signe,
1303 3669 1420 3739 reiectos
1435 3667 1529 3735 luisse,
1548 3676 1578 3724 ut
1591 3683 1625 3724 ex
1640 3668 1694 3724 illis
1705 3669 1773 3740 ipsis

144 3773 280 3846 cognorit.
295 3769 385 3837 Quare
400 3781 566 3839 propensum
581 3780 661 3820 sunm
676 3764 703 3818 in
722 3763 862 3834 improbes
877 3762 937 3818 ilios
951 3762 1065 3834 spiritus
1078 3761 1200 3816 animum
1219 3761 1388 3832 deposuisse,
1406 3776 1556 3832 omnesque
1565 3763 1633 3818 adeo
1653 3763 1773 3835 magicos

146 3867 232 3921 libros
247 3860 362 3921 catanis
376 3858 532 3916 tradidisse.
553 3854 707 3910 Christiana
723 3852 840 3924 denique
851 3851 904 3907 lide
917 3852 1062 3920 imbutum,
1074 3867 1138 3906 mex
1150 3851 1234 3907 etiarn
1248 3850 1414 3921 baptizatum
1433 3867 1504 3920 esse,
1517 3867 1550 3907 ae
1564 3854 1657 3924 templi
1671 3850 1773 3924 jarite-

149 3978 209 4017 rem
223 3959 412 4015 constitutum.
435 3954 506 4022 Quin
527 3963 554 4008 ct
577 3950 772 4007 charismatum
795 3949 865 4006 dena
885 3965 901 4004 a
923 3948 979 4005 Dee
1003 3950 1153 4020 accepisse,
1180 3947 1271 4020 itaque
1291 3949 1396 4004 morbis
1419 3947 1497 4014 alios,
1520 3945 1588 4002 alies
1604 3948 1774 4004 daemonibus

152 4054 302 4116 liberasse,
326 4050 411 4106 denec
444 4048 553 4104 tandem
581 4043 780 4115 archicpiscopi
807 4057 917 4113 queque
943 4042 1078 4115 dignitate
1112 4051 1267 4097 ornaretur.
1301 4038 1337 4095 Et
1370 4038 1428 4096 haec
1452 4038 1562 4110 quidem
1591 4037 1661 4094 liber
1689 4038 1774 4095 habet

172 4158 268 4200 rimus.

151 4162 330 4298 pasceretur
338 4238 447 4305 deiude,
464 4237 556 4293 duma
575 4234 664 4304 capite
683 4229 763 4303 paule
774 4228 856 4286 altius
869 4245 914 4285 res
930 4229 1058 4303 Cypriani
1076 4228 1202 4293 arcessit,
1223 4227 1371 4300 ipsummet
1384 4233 1540 4281 narrantem
1561 4222 1676 4289 inducit,
1692 4238 1772 4279 suum

145 4331 201 4403 iarn
215 4331 278 4387 hade
292 4345 308 4385 a
322 4331 439 4402 pucritia
453 4329 480 4383 in
497 4325 569 4383 idola
584 4323 716 4389 studium,
729 4322 887 4393 cultumque
901 4321 1067 4386 demonum,
1089 4327 1118 4375 et
1140 4318 1276 4375 discendae
1290 4317 1401 4390 magice
1416 4316 1483 4372 artis
1496 4313 1680 4386 cupiditatem,
1693 4323 1774 4383 atque

146 4429 286 4476 sertitem.
299 4420 429 4487 Quaenam
442 4414 600 4474 dehiucalia
611 4415 646 4470 de
661 4411 808 4469 herbarum
820 4410 956 4467 variarum
980 4408 1105 4479 snrptua
1134 4414 1214 4480 atique
1230 4407 1411 4466 animantium
1421 4415 1519 4463 natura
1532 4404 1665 4468 didicerit.
1692 4413 1774 4474 utque

148 4511 222 4567 saria
241 4512 323 4567 etiam
337 4512 490 4568 daemonum
506 4506 621 4563 ludibria
639 4501 748 4560 uiderit.
768 4499 910 4569 Quomodo
932 4500 997 4557 item
1026 4499 1143 4560 Athenis
1162 4501 1256 4574 hrgos,
1277 4500 1396 4572 indeque
1414 4498 1442 4554 in
1462 4497 1603 4569 Phrygiam
1624 4495 1773 4566 proiectus,

148 4602 318 4658 daemonibus
332 4602 432 4671 ubique
444 4598 584 4655 sacrificus
598 4592 762 4649 constitutus
776 4590 868 4656 inerit,
883 4605 916 4646 ac
937 4590 1051 4646 multam
1070 4589 1180 4662 mameae
1195 4591 1262 4646 artis
1280 4592 1501 4649 exercitationem
1517 4591 1665 4663 collegerit.
1681 4589 1773 4660 Pergit

146 4694 241 4749 adhaec
253 4708 377 4760 narrare,
389 4702 420 4749 ut
432 4694 461 4748 in
472 4690 618 4761 AEgyptum
635 4683 792 4742 eorumdem
812 4697 894 4738 causa
907 4682 1116 4754 reportantque
1130 4683 1162 4739 ad
1179 4681 1260 4739 ludes
1272 4685 1429 4753 accesserit,
1441 4699 1555 4756 quaeque
1569 4684 1606 4738 ihi
1622 4681 1772 4765 inopinata,

147 4791 176 4839 et
184 4786 264 4842 rahle
272 4785 402 4849 absurda,
414 4798 476 4839 cum
488 4781 551 4846 alia,
568 4787 625 4833 turn
642 4776 784 4832 simulacra
808 4775 910 4831 uiderit
925 4783 1007 4845 atqne
1026 4772 1189 4829 observarit.
1206 4771 1289 4827 hddit
1303 4786 1343 4837 se,
1355 4788 1416 4828 curn
1440 4774 1605 4829 tricesimum
1618 4772 1673 4841 jam
1687 4770 1775 4827 aetatis

148 4889 251 4931 annum
263 4876 418 4949 attingeret,
433 4872 467 4928 ad
482 4870 621 4926 Chaldaees
644 4866 763 4932 uenisse,
780 4879 929 4936 eorumque
948 4861 1047 4920 litteris
1057 4861 1223 4926 institutum,
1243 4860 1416 4933 astrologiam
1433 4871 1559 4918 accurate
1583 4861 1771 4932 perdidicisse,

147 4983 262 5040 qnaeque
280 4969 332 5023 alia
348 4965 458 5038 cognitu
476 4962 560 5033 ,digna
576 4959 648 5030 apud
659 4958 719 5013 illos
731 4957 901 5012 riderentur.
921 4955 1017 5012 Omnia
1038 4954 1149 5011 tandem
1167 4951 1226 5009 baec
1240 4951 1339 5008 vidisse
1357 4953 1485 5019 relutata,
1500 4953 1609 5024 quande
1619 4951 1711 5019 stulto,
1725 4966 1774 5008 seu

147 5060 238 5133 petius
249 5060 348 5115 animis
366 5055 520 5129 perniciose
539 5052 632 5106 labore
646 5050 720 5105 hisce
730 5051 834 5107 artibus
849 5051 1008 5120 impensem
1022 5046 1130 5104 lustina
1138 5054 1253 5117 martyre
1268 5044 1392 5114 repulsus
1410 5050 1463 5099 cst.
1478 5042 1591 5098 Comme
1604 5049 1694 5096 morat
1708 5041 1774 5098 item

147 5153 193 5210 bic
207 5149 352 5214 nonnulla,
362 5147 460 5219 quihus
470 5144 551 5199 alium
562 5141 661 5212 seipse
675 5140 812 5197 interdum
821 5139 934 5212 magicis
945 5135 1190 5199 artibuseahibuit,
1199 5134 1319 5205 aliosque
1337 5133 1473 5190 interdum
1487 5129 1713 5188 transformavit:
1729 5141 1774 5188 ut-

146 5262 201 5319 que
214 5261 230 5300 a
250 5243 405 5300 daemonum
424 5237 498 5294 cultu
517 5234 670 5299 discedens,
682 5233 899 5289 cacodaemonem
914 5230 1096 5293 minitantem,
1109 5226 1180 5284 etad
1194 5224 1411 5296 desperationem
1432 5239 1519 5294 usquc
1532 5221 1702 5278 territantem
1714 5237 1775 5279 ten-

146 5334 225 5399 scrit,
234 5348 267 5389 ac
281 5330 419 5403 quomode
429 5329 527 5384 horum
538 5326 574 5381 sit
588 5333 661 5380 metu
677 5324 817 5391 liberatus,
829 5339 891 5380 cum
903 5324 932 5379 in
943 5322 1019 5393 piem
1032 5320 1121 5375 uirum
1134 5318 1284 5385 incidisset,
1299 5319 1345 5375 cui
1353 5315 1496 5373 Timotheo
1505 5329 1617 5372 nornen.
1630 5310 1776 5381 Quomodo

103 5471 107 5476 -
147 5424 280 5498 praterea
293 5423 447 5482 Antiochiae
459 5419 530 5492 apud
542 5419 669 5488 hequem
686 5418 849 5474 auditorium
860 5415 1019 5480 narraverit,
1030 5412 1145 5468 nelarrda
1157 5413 1278 5467 multase
1288 5426 1321 5467 ac
1338 5409 1492 5482 prodigiosa
1513 5407 1648 5472 effecisse,
1669 5411 1774 5478 quibus

147 5520 275 5577 homines
286 5519 324 5574 ita
335 5517 496 5588 decipiebat,
512 5529 542 5574 ut
553 5529 603 5589 pre
616 5515 670 5571 lieo
685 5517 774 5585 ipsum
794 5514 935 5569 haberent.
946 5510 1084 5581 hacrymis
1100 5509 1192 5580 itaque
1201 5525 1233 5564 ac
1244 5508 1317 5564 luctu
1332 5521 1416 5581 genas
1427 5506 1463 5563 eb
1478 5506 1538 5562 hec
1556 5507 1772 5572 humectantem,

147 5628 181 5669 ex
194 5613 326 5670 memoria
346 5611 532 5684 improborum
552 5613 700 5669 facinorum
714 5613 740 5666 in
773 5610 867 5664 salutis
902 5607 1119 5680 desperationem
1141 5607 1238 5661 iterum
1258 5604 1431 5675 delapsnrnm
1451 5601 1546 5669 luisse,
1566 5602 1619 5659 nisi
1636 5603 1771 5662 Srrsebirts

84 5723 91 5733 ,
150 5700 273 5771 quidam,
284 5697 403 5771 optimus
425 5700 459 5756 ad
472 5700 599 5773 pietatem
612 5713 639 5759 ct
659 5701 842 5772 penitentiam
859 5701 922 5768 dns,
938 5714 1022 5758 sacrae
1038 5696 1185 5768 Scripturas
1202 5696 1325 5766 alloquiis
1336 5696 1476 5770 sacrisque
1490 5696 1706 5766 narrationibus,
1718 5696 1761 5753 de
