3817 6075
136 230 191 296 623
399 269 409 282 .
734 226 956 290 EUTHALIUS
973 225 1172 291 DIACONUS.
1718 223 1773 291 Μ

137 349 269 423 presules
283 347 357 405 baud
372 355 497 404 recenset
509 343 665 402 Eutbslium
678 343 728 417 (ο).
746 343 818 412 Quin
834 354 863 402 et
875 345 902 401 iu
918 353 976 404 toto
988 361 1039 404 suo
1051 320 1160 404 ‘ilrs'enu
1171 342 1324 403 ciristinxo
1347 342 1420 400 idem
1436 342 1479 400 uir
1491 342 1589 402 doctu
1603 357 1695 401 ιιιιιιιι
1713 342 1770 399 Eu-

138 454 255 510 tbaliurn
271 453 327 508 τῶν
343 451 535 522 Κολοφωνίων,
547 447 781 523 Colophoniorum
795 449 955 522 episcopum
968 457 1103 507 memorat
1118 468 1126 505 ι
1140 456 1172 505 ιιι
1185 448 1301 523 proinde
1316 447 1468 506 Sslcessess
1478 449 1602 507 Entbxlii
1622 448 1772 521 episcopa·

138 568 196 615 tuor
208 559 254 613 ille
273 558 385 629 insuper
402 556 531 612 babuisse
545 555 681 611 rideatur.
701 552 878 627 Verumque
893 554 1027 612 hactenus
1036 552 1244 620 edisseruimus,
1256 554 1426 611 eruditorum
1440 554 1554 611 arbitrio
1565 554 1747 611 dimittimus.

175 663 218 720 lll.
234 662 321 719 Porro
333 661 367 717 ad
387 659 507 716 Eutbalii
521 659 623 732 scripta
644 658 718 732 quod
741 659 850 726 attinet,
869 673 904 715 ex
922 657 958 717 iis
970 672 1032 729 quae
1050 657 1123 714 illius
1138 658 1251 715 nomine
1265 658 1466 727 inscribuntur,
1484 674 1549 716 eous
1568 659 1658 717 saeris
1669 659 1773 716 litteris

137 767 295 826 excolendis
314 765 451 839 inprimis
468 780 580 837 operam
599 763 708 822 dedisse
720 762 908 839 intelligimus,
922 770 1077 835 permotum
1089 760 1225 829 videlieet,
1241 768 1272 817 ιιι
1287 761 1406 830 ridetur,
1421 763 1610 832 sapientissimi
1626 763 1771 833 csjasdssr

136 886 161 931 et
173 873 271 934 carisa
285 871 463 928 amentissimi
477 870 568 926 Patris
584 869 621 945 (b)
636 869 761 943 exemplo
776 888 784 927 ε
797 867 844 942 qui
858 883 921 927 cum
932 874 1014 924 antea
1027 864 1096 924 Nori
1108 864 1231 922 Foederis
1244 872 1348 923 textum
1361 866 1496 923 eontinoo
1510 874 1607 923 tenme
1628 866 1772 937 domoque

136 985 277 1037 exaratum
291 976 525 1046 circumferretur,
546 976 652 1048 primus
668 973 791 1033 omnium
802 973 905 1032 saeculo
917 988 946 1030 rx
959 971 1114 1039 desinente,
1130 970 1215 1029 idest
1234 986 1308 1030 anno
1317 972 1370 1031 506
1383 972 1430 1047 (ο),
1441 971 1626 1045 Epistularum
1645 973 1677 1029 8.
1691 972 1771 1031 Pauli

135 1092 294 1142 contextum
312 1082 441 1156 capitulis
457 1080 592 1150 distinxit,
608 1080 697 1154 iisque
708 1081 836 1173 immeto
849 1078 977 1152 quaedam
992 1076 1105 1149 adjecit,
1116 1092 1178 1148 quae
1192 1077 1415 1149 compendiosam
1429 1090 1526 1133 eorum
1546 1076 1650 1133 seriem
1667 1091 1771 1150 propo-

136 1197 245 1247 nerent.
262 1189 300 1246 be
323 1189 377 1245 lroc
399 1201 536 1260 anonymo
561 1186 707 1259 scriptore,
724 1185 873 1260 episcopali
889 1200 958 1243 sase
983 1183 1116 1257 dignitate
1138 1193 1232 1251 aucto,
1249 1199 1332 1256 quem
1351 1194 1396 1241 est
1419 1184 1543 1242 imitatus
1563 1193 1650 1257 atque
1663 1185 1767 1244 suast

136 1291 284 1365 exscripsit
295 1299 389 1348 noster
405 1290 539 1347 diaconus
550 1288 601 1361 (d),
619 1288 698 1361 plura
709 1287 818 1346 erudite
832 1287 934 1348 utilius
948 1289 996 1363 (ι),
1010 1305 1045 1347 ex
1055 1306 1111 1364 quo
1122 1291 1205 1348 etiarn
1217 1305 1251 1347 ea
1266 1306 1329 1363 quas
1343 1305 1406 1349 mox
1424 1290 1497 1348 inira
1511 1289 1698 1363 proferemus,
1716 1303 1768 1364 pe-

137 1397 277 1455 tissimum
302 1395 457 1452 bausimus.
476 1392 620 1451 Eutbalius
643 1393 738 1467 igitur,
753 1407 810 1466 quo
819 1392 971 1452 faciliorem
982 1396 1112 1454 redderet
1129 1397 1324 1469 utilioremque
1338 1397 1522 1469 Epistularum
1535 1396 1718 1456 Paulinaruxs
1729 1398 1769 1456 le-

136 1504 269 1569 ctionem,
285 1499 404 1572 capitula
422 1498 597 1571 capitumque
614 1495 761 1565 breviaria,
775 1511 838 1569 qun
850 1496 885 1552 ab
905 1512 1042 1573 anonymo
1059 1502 1177 1573 praesule
1189 1502 1326 1574 scriptore
1341 1501 1421 1578 nobis
1431 1502 1514 1559 modo
1529 1502 1640 1560 laudato
1653 1503 1768 1561 desum

137 1608 203 1680 psit,
222 1606 281 1664 suis
295 1618 411 1678 quaeque
430 1602 561 1676 Epistolis
582 1602 610 1660 in
630 1618 680 1660 sua
695 1602 815 1661 editione
837 1602 954 1674 praellxit
977 1605 1022 1679 (ss-
1037 1608 1072 1663 ,ιι
1086 1607 1167 1664 aliam
1180 1607 1286 1666 addidit
1299 1608 1359 1680 ipse
1376 1608 1539 1666 diuisione·
1556 1625 1607 1682 per
1628 1610 1769 1668 testim

136 1710 269 1786 quasdem
279 1710 376 1768 iisdem
389 1707 517 1780 capitulis
526 1706 614 1764 multo
624 1706 781 1779 ampliores.
794 1706 837 1765 dcl
846 1704 976 1780 Epistola
987 1708 1122 1782 cuiusque
1135 1710 1239 1768 calcem
1249 1709 1369 1767 attexuit
1375 1720 1508 1782 praterea
1517 1712 1727 1787 csspspxspimr,
1741 1713 1768 1771 id

136 1826 190 1885 est,
205 1831 350 1874 numerum
364 1815 475 1888 στίχων,
488 1829 537 1871 seu
555 1828 695 1881 uersuum,
709 1827 744 1870 ex
759 1812 860 1885 quibus
874 1826 1048 1884 uusquequo
1061 1821 1179 1871 constat.
1194 1814 1405 1888 quemqueen
1417 1824 1508 1874 textus
1518 1814 1626 1873 Paulini
1643 1832 1696 1889 per
1709 1818 1768 1873 sri-

136 1940 202 1998 χους
214 1920 427 1993 descriptionem
443 1918 603 1976 Euthalium
615 1915 739 1975 omnium
754 1916 873 1988 primum
883 1915 1021 1974 inuexisse
1033 1918 1216 1990 comperimus
1228 1934 1263 1975 ex
1275 1919 1371 1977 eodem
1384 1928 1510 1987 suetore,
1518 1920 1567 1993 qui
1574 1921 1629 1979 boc
1642 1922 1672 1978 in
1681 1937 1768 1995 opere

134 2024 306 2087 contexendo
329 2024 450 2095 seipsum
478 2023 622 2095 inexperto
642 2021 725 2079 alicui
744 2020 839 2092 iuueni
851 2036 901 2092 per
914 2021 1052 2079 desertam
1069 2038 1123 2081 nec
1137 2024 1229 2081 tritam
1243 2024 1316 2082 riam
1330 2025 1454 2099 pergenti
1471 2035 1612 2099 oomparat
1625 2026 1676 2099 (Ι).
1700 2026 1767 2101 Epi-

134 2129 215 2190 stolis
230 2129 295 2186 item
312 2127 434 2186 Paulinis
449 2128 659 2186 subnotationes
674 2125 808 2199 quasdam
832 2124 946 2198 adjecit,
965 2125 1065 2198 qulbus
1086 2128 1161 2185 unde
1180 2138 1264 2200 atque
1283 2129 1422 2187 interdum
1445 2144 1496 2203 per
1517 2145 1587 2203 quos
1602 2131 1649 2190 Ιιι
1672 2132 1766 2190 misam

136 2234 241 2292 luerint
256 2234 388 2292 ostendit.
400 2231 483 2304 Operi
497 2247 548 2289 suo
558 2231 678 2303 denique
691 2231 834 2303 proloqum
846 2230 915 2287 satis
928 2229 1098 2289 luculentum
1114 2232 1148 2289 de
1166 2233 1251 2305 pestis
1264 2233 1340 2290 Perdi
1354 2235 1470 2305 apostoli
1479 2234 1622 2307 promisit,
1634 2237 1764 2310 anonynl

136 2338 280 2412 cujusdam
299 2335 421 2411 episcopi
434 2343 530 2410 rogatu
548 2344 717 2408 susceptum,
732 2335 823 2393 eidem
833 2343 864 2392 ut
878 2334 988 2393 ridetur
1013 2334 1144 2393 Ecclesiae
1158 2336 1291 2408 praelecti,
1317 2338 1411 2409 mique
1426 2338 1630 2411 Alexandrinae,
1654 2343 1683 2398 in
1711 2358 1763 2415 qus

136 2443 280 2501 Eutbalius
295 2442 405 2498 diaconi
421 2456 522 2498 munus
536 2441 640 2499 obibat.
665 2440 825 2513 Huiusmodi
841 2456 960 2513 namque
972 2456 1042 2513 opus
1057 2456 1087 2497 se
1100 2442 1254 2513 suscepisse
1273 2443 1328 2498 δέει
1339 2443 1390 2514 τῆς
1409 2444 1552 2516 παρακοῆς
1568 2452 1686 2502 testatur
1702 2447 1761 2520 (sla

135 2546 210 2619 quod
222 2545 332 2618 quidem
343 2545 377 2602 de
388 2544 443 2602 alio
453 2544 561 2601 uixdici
574 2552 692 2616 poterat,
701 2558 783 2616 quam
793 2544 828 2601 de
841 2544 965 2616 ejusdem
973 2544 1126 2602 dioeceseos
1135 2546 1275 2618 episeopo,
1288 2556 1318 2603 ut
1327 2547 1450 2620 opposite
1460 2547 1586 2605 laudatus
1600 2547 1707 2607 llilllus
1721 2551 1762 2623 (sl.

136 2652 206 2710 Cum
219 2662 311 2709 autem
326 2666 361 2707 ex
377 2650 505 2722 superius
517 2649 600 2707 dictis
624 2648 738 2721 liqueat,
752 2649 901 2708 editionem
912 2665 992 2705 suam
1012 2650 1163 2708 absolvisse
1178 2652 1341 2724 scriptorem
1359 2660 1484 2710 nostrum
1493 2669 1567 2712 anno
1580 2655 1646 2722 tet,
1659 2671 1764 2730 monp-

137 2768 214 2812 mum
228 2762 373 2827 propterea
387 2752 462 2808 illum
478 2752 648 2825 episcopum,
663 2768 745 2825 quem
760 2751 870 2808 Patrem
886 2754 1003 2809 maxims
1016 2756 1193 2811 uenerandum
1207 2755 1352 2827 compellat
1370 2756 1415 2827 (j),
1431 2756 1515 2814 luisse
1530 2769 1657 2816 sanctum
1666 2760 1762 2818 Prote·

137 2858 210 2915 1inm
219 2870 394 2930 auguramur,
413 2854 460 2927 qui
469 2856 505 2912 ab
521 2872 594 2912 auno
610 2856 659 2912 ttl
676 2870 764 2927 usque
782 2857 816 2913 ad
832 2856 896 2924 tul,
912 2872 993 2930 quor
1010 2859 1071 2916 llal.
1086 2859 1188 2933 Aprilis
1201 2860 1236 2916 ab
1255 2861 1432 2935 Eutychianis
1442 2864 1550 2921 occisus
1563 2872 1669 2939 martyr
1681 2881 1761 2924 occu-

137 2964 207 3032 buit,
228 2963 438 3020 Alexandrinam
453 2962 524 3019 rexit
538 2961 697 3031 Ecclesiam,
717 2971 748 3019 ιιι
769 2979 804 3020 ex
818 2971 931 3021 auctore
949 2962 1082 3020 Brericsii
1106 2962 1365 3036 Estqclxiorrixtorom
1381 2964 1416 3037 (t)
1436 2975 1464 3023 ct
1482 2966 1610 3027 Liberato
1635 2969 1762 3044 (ddecet

136 3070 291 3143 bequieuus
302 3069 360 3143 (ιιι).
1099 3120 1101 3124 ,

169 3170 229 3230 vu.
242 3172 376 3230 absoluta
389 3169 564 3229 Paulxnsrum
580 3171 765 3245 Epistolorum
779 3172 900 3231 editione
914 3174 1006 3234 medio
1020 3192 1095 3235 anno
1114 3180 1178 3250 tte,
1190 3182 1270 3240 alteri
1286 3187 1400 3240 Aetnam
1415 3183 1595 3255 apostolorum
1611 3194 1641 3241 et
1654 3186 1761 3260 Episto-

134 3280 221 3335 lorum
237 3277 428 3334 catholicarum
444 3275 588 3333 Eutbalius
597 3291 709 3333 manum
724 3278 816 3334 statim
827 3277 958 3346 admouit,
969 3280 1068 3335 obrias
1080 3281 1160 3352 δῆτα,
1173 3294 1204 3341 ιιι
1218 3285 1335 3358 ipsemet
1347 3287 1491 3361 profitetur
1503 3289 1553 3361 (o),
1568 3290 1696 3362 adeoque
1705 3292 1761 3348 sire

134 3385 230 3443 endem
245 3398 320 3441 suno
332 3390 471 3450 currente,
484 3382 542 3440 siue
551 3383 714 3455 insequente
727 3384 781 3441 tte
794 3402 801 3441 ι
815 3383 915 3456 prioris
925 3384 1000 3440 enim
1013 3385 1154 3456 editionis,
1169 3391 1234 3447 dum
1247 3392 1277 3449 in
1291 3393 1363 3452 baruc
1378 3395 1557 3466 posteriorem
1570 3394 1760 3464 incumbebat,

134 3490 209 3547 relxu
220 3503 304 3558 reaper
319 3486 462 3554 conlecta,
479 3484 603 3559 ἔναγχος,
619 3487 722 3545 ibidem
736 3488 862 3577 meminit
878 3505 885 3543 ι
900 3503 956 3562 quo
975 3490 1036 3562 ipso
1055 3491 1137 3562 pune
1151 3508 1244 3563 sensu,
1267 3506 1298 3553 ut
1315 3497 1368 3554 sibi
1382 3508 1489 3557 constet
1504 3509 1612 3567 auctor,
1630 3516 1666 3558 ex
1679 3503 1759 3559 rerba

135 3593 304 3666 accipienda,
320 3592 420 3664 quibus
432 3592 471 3647 ait
485 3590 522 3664 (o)
535 3592 635 3649 librum
647 3592 832 3665 Epistularum
845 3593 934 3652 mneti
951 3590 1030 3650 Pauli
1038 3593 1073 3651 ad
1084 3596 1231 3666 quemdam
1244 3614 1278 3656 ex
1296 3600 1422 3658 Patribus
1431 3603 1466 3659 ab
1479 3617 1509 3660 se
1521 3603 1640 3661 missum
1654 3605 1758 3681 πρώην,

135 3714 229 3769 super,
244 3695 303 3754 siue
320 3706 393 3764 unte,
407 3708 463 3754 non
474 3696 536 3768 jum
560 3696 671 3765 dudum,
687 3704 719 3753 ut
732 3697 817 3754 vertit
831 3696 991 3772 Zacaqnius,
1004 3712 1060 3769 quo
1073 3713 1131 3756 suae
1144 3699 1287 3772 hypothesi
1301 3703 1336 3761 de
1349 3703 1472 3762 Sulcensi
1487 3707 1652 3779 episcopatu
1671 3710 1755 3767 inus-

135 3810 203 3858 reat.
219 3799 289 3859 irrue
310 3799 403 3874 ltaque
418 3801 529 3871 iterum,
544 3800 618 3874 quod
636 3801 737 3875 saepius
750 3801 879 3871 diximus,
895 3817 953 3860 non
975 3812 1020 3862 est
1031 3818 1083 3861 cur
1095 3804 1263 3872 dubitemus,
1277 3807 1343 3879 quin
1360 3809 1519 3881 hujusmodi
1533 3813 1670 3884 posterius
1682 3826 1770 3890 opus·

135 3904 334 3968 motexendum
351 3909 505 3982 susceperit
529 3919 624 3967 noster
647 3918 759 3978 auctor,
773 3925 837 3967 cnm
857 3910 948 3968 adbuc
962 3908 993 3968 in
1007 3910 1170 3969 diaconatus
1191 3914 1276 3985 gradu
1291 3924 1365 3972 esset
1380 3916 1563 3986 constitutus,
1585 3919 1685 3993 quippe
1702 3917 1746 3991 qai

135 4027 201 4074 tune
216 4016 277 4082 νιος
293 4013 437 4089 χρόνωνιε
450 4016 499 4070 aul
521 4015 693 4088 μαθημάτων
703 4015 851 4084 exstiterit,
865 4024 897 4073 ut
913 4031 947 4074 ex
963 4018 1059 4076 eodem
1080 4019 1215 4092 scriptore
1233 4023 1315 4093 paulo
1330 4030 1394 4078 ante
1414 4023 1599 4083 intelleximus
1623 4025 1675 4100 (p).
1688 4025 1755 4082 lllsd

133 4133 200 4175 xero
212 4131 357 4190 aqqrmsos
369 4125 412 4174 est
424 4117 482 4176 sire
501 4118 614 4175 hortatu
634 4119 694 4175 sire
712 4118 833 4191 impulsu
849 4120 1004 4191 Athanasii,
1018 4125 1173 4197 presbyteri
1185 4126 1373 4196 Alexandrini,
1388 4127 1490 4200 dequo
1504 4105 1621 4187 subinde
1635 4132 1761 4206 superius

133 4220 217 4277 verba
225 4219 352 4287 lecimus,
368 4236 506 4291 quemque
516 4229 662 4291 propterea
678 4222 791 4291 fratrem
803 4231 833 4278 et
850 4223 1042 4282 smlelssbsm
1060 4228 1172 4298 quidem
1194 4231 1323 4302 appellat,
1339 4232 1456 4305 ipsemet
1467 4234 1598 4293 nimirum
1610 4235 1761 4296 dimam

133 4336 185 4381 seu
198 4320 323 4379 insumis
335 4323 420 4378 etiam
432 4323 623 4394 presbyterum
634 4338 718 4395 agens
732 4323 761 4378 iu
775 4325 871 4381 endem
881 4325 1066 4385 alemannos
1079 4330 1210 4389 Ecclesia.

169 4425 239 4485 llll.
252 4426 312 4484 lsxn
327 4440 393 4484 xero
404 4427 439 4483 de
452 4425 506 4483 boc
519 4442 604 4498 opere
619 4427 783 4485 Entbalisno
794 4430 950 4486 adnotanda
959 4431 1090 4488 nonnulla
1105 4446 1284 4506 superessent
1301 4438 1392 4498 adhuc
1406 4442 1648 4502 animadversione
1664 4447 1760 4518 digna,

131 4549 194 4606 qus
206 4533 289 4590 latios
300 4532 353 4590 riri
368 4533 443 4590 docti
457 4532 650 4601 observarunt,
666 4531 830 4605 zacagnius,
845 4534 1076 4607 inquam,llillios
1089 4540 1296 4602 etWetstenius
1309 4546 1337 4602 ll.
1351 4563 1392 4604 cc.
1406 4548 1441 4605 ad
1455 4566 1524 4621 quos
1539 4551 1657 4622 proinde
1672 4552 1762 4608 lecto·

133 4654 178 4699 res
190 4636 366 4696 remittimus.
382 4635 484 4694 Verum
503 4638 532 4695 id
552 4652 639 4694 unum
651 4651 703 4712 pro
717 4639 841 4696 muneris
854 4640 944 4698 nocui
962 4644 1070 4702 ratione
1087 4647 1246 4705 meminisse
1268 4666 1358 4722 operae
1373 4653 1492 4724 pretium
1509 4654 1593 4710 luerit
1608 4673 1615 4710 :
1630 4656 1760 4713 videlicet

131 4760 183 4803 nos
193 4745 223 4802 is
236 4744 332 4801 limine
345 4742 493 4801 voluminis
504 4741 539 4800 tt
549 4743 666 4815 bujusee
676 4750 782 4802 mestre
795 4741 908 4801 Petram
921 4745 1100 4818 bibliothecae,
1122 4751 1156 4808 cl.
1177 4751 1410 4810 llontlauconinm
1426 4765 1545 4822 secutos,
1559 4758 1760 4829 Expositiorrert

130 4856 249 4924 eopitsss
263 4855 377 4912 Αιιιιιιιιι
398 4856 579 4926 apostolorum
596 4851 726 4921 edidisse,
748 4868 810 4925 quar
828 4851 856 4910 iu
877 4852 1041 4913 Eutbaliano
1063 4859 1211 4929 exemplari
1233 4869 1331 4928 exstat,
1361 4878 1474 4934 earnque
1498 4873 1593 4922 sancto
1613 4864 1759 4939 Pamphilo

177 5139 193 5176 ο
220 5121 352 5194 Lequien.
366 5124 411 5181 Or.
433 5125 508 5190 cuc,
526 5133 592 5181 tom.
607 5124 640 5189 ll,
652 5136 713 5196 paq.
727 5122 789 5178 tls
1001 5125 1032 5206 ii)
1048 5123 1080 5180 L.
1094 5140 1120 5180 c.
1139 5141 1216 5181 num.
1232 5127 1294 5184 bid

177 5191 192 5245 b
221 5191 265 5247 lni
343 5195 353 5250 l
373 5192 428 5249 out
1053 5193 1073 5246 L

176 5121 439 5381 ipsese:
1002 5196 1128 5345 llll
1505 5337 1512 5351 ,

178 5327 206 5464 οἶ
219 5329 469 5475 nfgt'essffiu
481 5401 513 5456 ι.
527 5398 587 5466 oc,
598 5410 675 5453 non.
691 5394 754 5453 sos.
1015 5330 1251 5469 'lfi‘i'iiiiiss
1266 5335 1385 5473 ffiiffiij
1395 5338 1457 5480 ³2⁰2.
1469 5338 1536 5465 ffit
1551 5337 1668 5398 sane.

177 5462 282 5535 stlbrd.
297 5481 401 5523 ιιιιιιιιιι.
417 5470 466 5524 till
483 5485 558 5539 seqq.
1016 5472 1044 5531 el
1059 5467 1166 5551 Prolog.
1184 5472 1293 5530 addet.
1310 5486 1398 5547 apost.

196 5531 328 5604 )Proloq.
347 5537 380 5590 ad
395 5541 452 5591 llct.
470 5545 557 5608 apost.
1017 5554 1032 5592 o
1056 5537 1126 5595 lbxd.
1140 5541 1193 5596 col.
1206 5541 1267 5598 630.

58 5604 61 5609 ’
164 5541 203 5679 ἃ)
219 5600 325 5675 Proloq.
345 5605 378 5660 ad
393 5604 490 5674 Epistt.
502 5606 578 5663 Paul.
1006 5537 1127 5678 (pglbid.
1142 5611 1194 5668 col.
1209 5611 1270 5668 obt.
