3817 6075
102 338 153 406 il'i
762 338 902 400 ORATIO
920 336 1083 400 XXXVIII.
1674 338 1728 403 lto

108 455 138 509 '0
149 452 199 524 μλν
209 451 379 523 ἀρχάγγελος
394 451 514 524 Γαύριίηλ
524 450 653 523 ούδεμίαν
664 449 759 503 liniis
773 455 889 520 ματαίαν
904 458 926 513 Α
941 452 1028 505 dixit:
1042 448 1130 520 iisque
1147 448 1182 503 ού
1205 450 1454 505 consummationem
1477 460 1623 517 temporum
1648 462 1672 506 et
1693 454 1729 520 fi·

101 545 255 618 προσδοκᾷν
268 543 367 606 αύτούς
382 542 538 607 κατέλιπεν,
558 541 659 594 εἰπὼν·
680 542 757 607 Ἕως
780 557 887 594 συντε-
942 562 1001 597 nem
1026 544 1197 614 perseverabit
1222 544 1362 599 desolatio.
1391 543 1455 600 ttae
1477 545 1569 611 enirn,
1592 545 1652 600 iilos
1674 546 1729 601 lieo

98 638 185 703 telae
200 634 312 703 καιρῶν
327 634 488 689 συντέλεια
502 632 662 698 δοθήσεται
678 632 727 687 dui
744 633 801 700 τὴν
818 632 888 701 led·
942 638 1097 700 deserente,
1115 645 1275 701 evenerum,
1292 636 1363 705 quod
1388 637 1414 690 iu
1431 636 1571 693 Christum
1591 638 1729 693 scelestis·

97 744 207 798 μωσιν.
226 726 320 781 Ταῦτα
331 728 387 799 γάρ
400 726 492 788 αύτοίς
514 724 671 795 συμόέόηκι
691 724 737 777 τού
752 723 819 777 Θεοῦ
840 725 887 776 αύ-
942 730 1010 783 sirue
1029 743 1059 782 se
1072 728 1265 797 impleverant,
1279 730 1506 795 quemadmodum
1522 742 1630 797 quoque
1644 729 1727 783 bactu

98 819 162 878 :oisc
176 815 433 885 ὲικᾱτιιλῑῑψαντθς,
449 814 484 867 δι’
495 814 529 885 ἢν
544 813 682 884 ἠσέῦησαν
698 815 739 876 sl;
757 813 803 866 τὸν
818 814 887 883 Χρι·
944 821 978 871 dc
993 818 1039 871 tali
1055 819 1174 885 ipsorum
1184 817 1322 885 impietate
1336 817 1548 873 vaticinatusest
1561 836 1568 872 :
1581 816 1727 872 Astiterunt

99 909 162 961 στδν
177 908 323 961 taddeum·
349 905 440 969 καθὼς
459 906 507 959 καί
521 905 605 958 uentu
619 903 798 975 προφητεύων
824 903 888 974 cepi
942 922 1014 976 reges
1036 917 1121 968 terret,
1136 917 1161 960 et
1181 907 1311 975 principer
1328 918 1503 962 conuenerunt
1526 909 1553 961 in
1573 924 1654 963 uuum
1678 910 1729 962 nd-

96 1002 149 1069 της
173 997 304 1068 τοιαύτης
327 997 419 1050 αὐτῶν
433 995 561 1058 ἀσεδείας
584 994 675 1062 λέγει·
689 993 889 1061 deplorentur
941 1017 1031 1055 certus
1045 999 1198 1063 liominunt,
1218 1008 1243 1052 et
1259 1000 1385 1054 udeersua
1399 998 1534 1055 Chritltun
1553 1002 1612 1070 eius
1624 1001 1657 1054 ¹⁰.
1677 1001 1728 1055 Eo·

97 1092 126 1142 οἱ
143 1087 285 1153 staffili&
308 1085 362 1155 illl
376 1086 443 1156 tic,
459 1085 507 1138 καὶ
526 1088 553 1139 ⁰1
566 1083 888 1153 ddzvl'wt'vvrllzlllt·
943 1107 1002 1145 rum
1013 1106 1079 1146 nero
1092 1090 1273 1146 desertionem
1297 1088 1394 1144 nefarii
1410 1091 1489 1144 istius
1501 1089 1630 1144 lacinorls
1644 1105 1727 1144 carisa

97 1178 262 1235 σανάαἰτδ
277 1178 437 1233 αύτὸιιατέι
455 1176 509 1230 τοῦ
530 1178 655 1244 Κυρίου,
670 1177 718 1229 eal
741 1175 817 1229 κατὰ
834 1174 888 1229 τού
941 1182 1068 1245 deinceps
1081 1179 1121 1233 sic
1140 1178 1243 1248 proiert
1259 1196 1266 1231 ι
1283 1178 1475 1247 dirumpamus
1496 1177 1601 1232 vinceda
1623 1193 1728 1241 eornrn,

96 1271 229 1341 Χριστοῦ
243 1269 347 1325 αὑτοῦ.
365 1268 420 1339 Τὴν
433 1268 462 1322 δὲ
473 1266 664 1337 spuentesque
680 1264 770 1319 αὐτῶν
779 1265 829 1334 τὴν
842 1263 887 1317 διὰ
942 1282 965 1324 et
982 1270 1153 1339 projiciamne
1169 1288 1184 1322 n
1202 1267 1275 1323 nobit
1284 1269 1378 1339 iuqurn
1402 1271 1528 1337 iptorunt.
1556 1268 1608 1335 Qui
1625 1269 1729 1323 herlitel

96 1363 203 1433 ταύτην
212 1362 262 1431 τὴν
273 1362 399 1431 ἀνομίαν,
415 1360 515 1429 ἑφεξῆς
536 1359 610 1427 λέγει
633 1356 739 1421 οὕτως·
766 1354 889 1424 deodori-
942 1362 970 1413 in
987 1361 1059 1414 eoelit
1077 1359 1197 1413 irridebit
1218 1376 1273 1426 eos,
1298 1372 1321 1413 et
1338 1360 1467 1413 Dnnriuut
1481 1359 1652 1414 aulaennniit
1669 1374 1727 1413 coa.

98 1454 199 1523 ξωμον
221 1452 293 1517 τοὺς
320 1450 454 1521 δεσμούς
476 1447 655 1515 αὐτῶν,καί
674 1448 889 1515 ύαορῤἰψωμεν
943 1442 1018 1503 Tunc
1032 1450 1154 1520 loquetur
1167 1451 1202 1502 od
1223 1465 1267 1503 eor
1287 1451 1315 1502 in
1336 1450 1376 1503 iro
1393 1466 1443 1503 auo
1455 1463 1465 1502 .·
1477 1458 1503 1503 cl
1524 1451 1550 1502 in
1566 1450 1655 1519 secors
1678 1465 1729 1503 auo

96 1548 150 1613 ἀφ’
164 1542 251 1613 ἡμῶν
263 1544 317 1598 τὸν
326 1540 415 1612 ζυγόν
428 1539 537 1595 αὐτῶν.
553 1540 580 1593 ’0
595 1538 743 1596 κατοικῶν
754 1539 790 1591 ἐν
802 1540 889 1605 ούρα-
942 1540 1110 1595 conturbabit
1128 1556 1172 1594 eor
1185 1541 1219 1595 ii.
1242 1540 1473 1606 Quemadmodum
1497 1540 1580 1595 etiaut
1597 1539 1728 1595 Dominus

97 1639 164 1704 ναῖς
177 1636 374 1707 όκγελάστται
386 1634 508 1723 ορτούς,
520 1632 571 1687 καί
588 1635 605 1686 d
622 1633 731 1701 Κύριος
740 1630 888 1700 έκμυιιτη·
943 1639 1036 1685 noster
1052 1645 1101 1700 per
1126 1629 1272 1686 ieremiatu
1291 1630 1451 1699 prophetam
1477 1629 1600 1697 praeriitit
1625 1628 1660 1685 de
1681 1628 1727 1684 teli

93 1730 158 1799 posi
173 1730 295 1795 αύτούς.
321 1728 390 1782 Τότε
403 1725 535 1793 λαλήσει
556 1723 633 1793 πρὸς
645 1721 758 1788 αὐτοὺς
770 1719 889 1791 ἑνόργῇ
943 1722 1063 1791 ipsorum
1085 1722 1239 1788 desertione
1258 1740 1265 1777 ι
1281 1722 1484 1791 dereliqueram
1509 1737 1609 1776 terrum
1630 1736 1728 1785 naeu,

97 1819 216 1884 αὑτοῦ,
239 1818 287 1874 καλ
301 1820 337 1873 έν
354 1817 397 1884 τῷ
412 1814 495 1887 θυμῷ
508 1814 603 1870 αὑτοῦ
622 1811 743 1882 ταράξοι
767 1813 888 1880 αύτούς.
904 1811 927 1867 Β
941 1815 1085 1868 diuiserunt
1097 1813 1278 1868 lroecedilutern
1290 1828 1388 1878 ιιιιιιιιι,
1400 1813 1460 1866 dedi
1474 1811 1600 1867 tlilaelunt
1611 1810 1729 1866 αιιίιιιαιιι

96 1911 201 1977 Καθὼς
216 1912 263 1966 καλ
280 1909 362 1974 αύτδς
374 1910 389 1963 ό
402 1907 506 1981 Κύριος
523 1904 603 1978 ημῶν
617 1904 662 1958 διὰ
684 1902 732 1957 τού
749 1906 888 1974 προφήτου
941 1921 1025 1959 oneum
1040 1906 1069 1958 in
1081 1921 1175 1960 murrea
1188 1904 1356 1958 inimicorum
1371 1904 1455 1973 ipaiut
1466 1905 1500 1958 ¹¹.

103 2004 237 2077 Ἰερεμίου
258 2003 388 2075 προέλεγε
413 2000 542 2071 περὶτῆς
562 1998 691 2067 τοιαύτης
715 1996 806 2050 αὐτῶν
837 1998 1072 2069 ἰγκαταλείύεως·
1094 1998 1325 2069 Ἐγιιατόίιιπον
1349 1997 1408 2066 τὴν
1433 1997 1493 2067 γῆν
1510 2015 1587 2068 μου,
1604 1995 1730 2068 ἀφῆκαν

97 2097 157 2165 τὴν
176 2096 381 2165 κληρονομίαν
390 2110 449 2163 μου
461 2092 528 2163 liii),
543 2090 640 2144 ύδωιιιι
659 2088 718 2156 τὴν
732 2088 930 2158 ἠγαπημένην
940 2089 1045 2159 ψυχήν
1053 2106 1113 2161 μου
1124 2092 1169 2156 εἰς
1184 2090 1287 2161 χεῖρας
1303 2088 1419 2159 ἐχθρῶν
1431 2088 1535 2157 αὐτῆς.

134 2200 166 2247 ε’.
183 2192 241 2262 Τῆς
260 2189 423 2254 ἀποδείξεως
436 2186 587 2257 γενομένης
607 2184 677 2240 κατὰ
692 2184 807 2254 δύναμιν
824 2184 889 2254 περὶ
976 2187 1003 2241 5.
1024 2186 1090 2241 Cum
1104 2202 1154 2258 pro
1173 2204 1232 2242 ntea
1247 2187 1317 2242 uirili
1331 2185 1576 2241 demonstraverim
1594 2184 1727 2256 compieta

97 2284 145 2338 no]
162 2282 359 2352 πεπληρῶσθαι
381 2279 470 2333 τάντα
493 2278 528 2329 sd
553 2277 629 2346 παρά
645 2275 693 2329 τοῦ
717 2274 889 2345 ἀρχαγγέλου
940 2292 1001 2333 esse
1029 2279 1135 2341 narnia,
1163 2293 1226 2347 ,quet
1250 2280 1285 2333 de
1311 2276 1415 2333 christi
1442 2276 1585 2345 presentia
1614 2276 1727 2331 Gabriel

97 2374 222 2447 Γαύριηλ
230 2372 383 2442 λελεγμένα
392 2369 458 2440 τερί
467 2369 517 2439 τῆς
530 2368 578 2422 τού
587 2367 715 2438 Σωτῆρος
728 2366 807 2436 ὴμῶν
822 2382 891 2436 παρ·
941 2367 1122 2439 archangelus
1142 2368 1257 2435 dixerat,
1270 2370 1357 2437 deque
1374 2369 1419 2432 iis,
1436 2383 1495 2437 que
1511 2376 1572 2436 post
1590 2366 1727 2421 ascensio·

99 2466 206 2529 οναίας,
222 2463 271 2516 καί
283 2462 337 2514 τῶν
358 2460 426 2530 μετὰ
439 2459 488 2530 την
504 2456 640 2527 ἀνάληψιν
653 2456 735 2511 αὐτού
752 2455 889 2526 σνμόεόη·
940 2472 1003 2511 nera
1021 2457 1079 2525 ejus
1090 2458 1229 2527 contigere
1239 2456 1351 2523 ludaeis,
1372 2457 1555 2513 accessorium
1567 2456 1727 2526 mequo-

99 2558 188 2611 κότων
202 2557 260 2617 τοῖς
284 2553 432 2615 'laudatore
443 2552 592 2619 ἀναγκαῖον
608 2548 710 2617 γνῶναι
725 2550 774 2602 καί
792 2552 825 2601 έκ
835 2546 890 2601 τῶν
941 2562 995 2617 quo
1018 2558 1062 2603 est
1081 2562 1162 2601 nosse
1184 2561 1218 2601 ex
1244 2558 1325 2602 aetate
1349 2562 1453 2616 regum,
1475 2548 1520 2617 qm
1541 2546 1652 2602 luerunt
1666 2556 1728 2617 post

100 2648 205 2718 χρόνων
220 2646 273 2699 τῶν
290 2643 423 2716 βασιλέων
438 2643 492 2695 τῶν
506 2641 662 2711 γενομένων
675 2640 744 2711 μετὰ
759 2640 809 2711 την
821 2655 890 2710 συμ-
940 2653 1029 2694 anuos
1043 2638 1077 2693 'tu
1090 2638 1117 2693 iu
1130 2638 1285 2708 captivitate
1297 2636 1419 2707 expletos
1429 2639 1556 2707 usquead
1569 2637 1729 2693 aedillcatiu-

101 2737 243 2807 πλήρωσιν
254 2734 309 2788 τῶν
329 2740 349 2786 o'
361 2732 429 2786 ἑτῶν
440 2734 488 2804 τῆς
499 2730 687 2802 αἰχμαλωσίας
699 2730 751 2794 έως
763 2731 812 2797 τῆς
823 2732 891 2782 οἰκο·
941 2729 1260 2800 οιτιΗίοιοοοΙγιιιίιοοεα
1271 2727 1356 2792 urbis,
1365 2728 1400 2782 69
1410 2728 1592 2783 heltdomadas
1602 2728 1636 2782 ad
1645 2726 1728 2782 Chri·

99 2828 185 2899 δομῆς
201 2827 251 2896 τῆς
274 2823 462 2895 Ἰερουσαλὴμ,
489 2824 538 2886 τάς
555 2820 754 2892 ξδ’έύδομάδας
772 2821 821 2885 τὰς
838 2821 890 2883 ἕως
941 2832 1013 2876 stum
1040 2836 1127 2890 usquo
1149 2821 1245 2875 ducem
1268 2827 1425 2889 porrectas,
1453 2827 1482 2873 et
1503 2817 1614 2872 alteram
1645 2833 1726 2873 uuaru

101 2918 223 2992 Χριστοῦ
239 2916 404 2987 ἡγουμένου,
420 2915 467 2968 καλ
482 2914 532 2985 τὴν
543 2912 640 2985 ἑτέραν
658 2912 722 2982 μίαν
745 2910 890 2981 έόδομόιδα,
942 2914 1149 2977 hebdomadem,
1174 2911 1201 2965 iu
1224 2926 1277 2981 equa
1303 2909 1393 2964 lutura
1417 2918 1477 2965 etat
1500 2907 1668 2963 abbreviatio
1692 2909 1728 2966 tio

101 3015 130 3067 ἰν
153 3005 172 3086 ᾖ
194 3010 336 3080 ἑγένετοίγ
359 3006 479 3078 σνντομίγ
494 3008 511 3079 η
526 3006 597 3060 κατὰ
610 3004 665 3060 τῶν
693 3004 827 3059 Ἰουδαίων
843 3004 891 3058 καί
941 3006 1041 3063 ludaeis
1057 3017 1085 3061 et
1102 3005 1270 3073 ierusalem,
1295 3018 1348 3074 qua
1377 3003 1484 3060 ratione
1505 3002 1572 3058 dixit
1593 3001 1725 3072 angetur:

101 3100 231 3170 κιτᾶτῆς
247 3096 434 3169 Ἰερουσαλὴμ,
445 3095 517 3149 καθά
530 3095 635 3164 φησινό
649 3092 775 3161 ἄγγελος,
792 3091 891 3146 'Ecbo-
942 3100 1115 3170 Septueqinte
1131 3100 1305 3154 hebdomades
1326 3098 1480 3152 obireoiuttc
1498 3105 1560 3150 aunt
1583 3110 1663 3159 super
1676 3112 1726 3164 po·

99 3192 238 3263 biduom
252 3186 660 3259 tooopdoeeeorsepduqqor
672 3184 722 3238 ἐπὶ
739 3184 794 3238 eor
813 3186 892 3238 dull·
941 3193 1031 3261 pulttnt
1054 3202 1138 3257 luunt,
1159 3201 1184 3245 et
1203 3205 1282 3259 super
1305 3191 1394 3243 urbem
1413 3198 1542 3254 tanetum,
1567 3197 1594 3243 et
1616 3196 1726 3241 ctctera.

101 3299 171 3349 σου,
189 3281 241 3337 καί
265 3280 314 3334 ἐπὶ
337 3279 498 3347 τὴνπόλιν
514 3277 573 3344 τὴν
595 3276 693 3346 optor,
710 3274 804 3328 καὶτὰ
817 3273 890 3345 ἑξῆς·
941 3282 980 3337 lua
1006 3296 1071 3337 uero
1093 3296 1123 3337 se
1148 3281 1305 3347 contrahet,
1334 3280 1405 3337 utin
1431 3280 1572 3334 undecimo
1590 3278 1727 3333 roirrmiue

104 3375 182 3428 Ἔστι
193 3374 222 3428 δὲ
234 3371 323 3435 οὕτως
339 3370 431 3431 καθὼς
455 3365 586 3437 Ἰώσηπος
601 3367 630 3420 ὲν
642 3369 674 3438 τῇ
688 3364 721 3419 ια’
740 3365 823 3436 βίὸὶῳ
837 3365 891 3418 τῶν
944 3377 1119 3432 historiarum
1135 3378 1167 3432 de
1178 3377 1387 3449 Antiquitatibus
1407 3375 1528 3431 luduicis
1551 3375 1726 3444 prosequitur

103 3465 230 3538 ἱστοριῶν
255 3466 305 3534 τῆς
341 3459 490 3530 Ἰουδαϊκῆς
508 3456 703 3530 ἅρλαίἰλθίῑαί
728 3456 924 3527 idithim-C
943 3465 1085 3537 losephus.
1100 3468 1197 3537 Cyrus,
1209 3469 1336 3538 Astyagis
1351 3481 1504 3531 successor,
1515 3467 1593 3535 cujus
1609 3481 1667 3520 tero
1679 3462 1726 3520 oet

102 3559 221 3630 Κύροςό
236 3556 307 3627 μετά
324 3553 488 3623 Ἀστυάγην,
506 3552 548 3620 ἐφ’
563 3544 594 3604 ού
606 3550 621 3602 ό
634 3548 689 3620 Βὴλ
704 3547 891 3619 cerseredus,
941 3567 1093 3626 prostratus
1105 3567 1158 3623 est,
1177 3568 1205 3612 et
1224 3559 1305 3615 draeo
1323 3557 1538 3624 exterminatus,
1555 3569 1615 3609 cunr
1638 3555 1727 3622 primo

102 3653 150 3706 καί
164 3654 177 3705 ό
190 3649 301 3721 δράκων
314 3644 483 3713 ἀπεκτάνθη,
499 3646 528 3698 έν
537 3641 576 3712 τῷ
593 3641 694 3712 τούτῳ
706 3640 762 3694 ἔτει
776 3640 826 3711 τῆς
845 3638 892 3708 ie·
942 3647 1017 3716 regni
1045 3647 1086 3700 sui
1113 3662 1184 3702 anne
1209 3648 1242 3703 de
1267 3647 1425 3718 captivitate
1440 3646 1548 3701 ludens
1567 3646 1725 3710 etenrisset,
1749 3660 1751 3665 ·

102 3742 205 3806 οιλιίας
216 3737 528 3808 αύτού,ἀτιολύοαςτούς
540 3734 682 3798 ’ἰουδαίους
692 3733 743 3803 τῆς
753 3733 893 3804 αἰχμαλω·
942 3737 1070 3806 praecepit
1095 3737 1155 3804 eis,
1188 3746 1219 3791 ut
1241 3736 1392 3793 ierusalem
1416 3737 1602 3801 edificarent,
1630 3735 1727 3805 largito

101 3835 178 3899 σίας,
193 3832 338 3886 ἐκέλευσεν
352 3831 444 3895 αύτοϊς
463 3826 613 3898 οἰκοδομεῖν
629 3826 680 3893 τὴν
703 3824 890 3897 Ἰερουσαλὴμ,
941 3841 1049 3898 quoque
1066 3827 1093 3881 in
1114 3828 1321 3884 aedificationem
1339 3831 1496 3897 pecuniario
1520 3827 1727 3886 subsiliendo

101 3926 311 3996 παρασχόμενος
322 3920 471 3986 αὐτοῖςκαὶ
482 3919 612 3991 χρηματα
623 3918 663 3981 εἰς
674 3915 724 3988 τὴν
735 3914 889 3986 οἰκοδομὴν.
941 3931 1006 3972 uero
1035 3932 1107 3970 anno
1127 3915 1263 3986 Bnhyioue
1283 3917 1383 3972 occidit
1404 3917 1518 3981 hanniel,
1537 3918 1614 3986 jutta
1632 3931 1725 3971 nocent

103 4015 200 4083 Τούτῳ
215 4014 244 4066 δί
260 4013 300 4082 τῷ
310 4013 366 4067 Iret
376 4011 552 4082 λτελεύτησεν
567 4010 581 4063 d
594 4008 693 4080 Δανιὴλ
708 4010 737 4061 έν
751 4004 891 4060 Βαόυλῶνι
941 4008 1029 4078 angeli
1047 4008 1165 4079 byssinis
1184 4010 1287 4066 astricti.
1309 4010 1349 4063 ho
1372 4011 1458 4078 ipsum
1479 4010 1551 4063 enim
1566 4009 1674 4078 iuquit:
1692 4006 1725 4062 dt

108 4103 182 4156 κατὰ
195 4102 246 4173 τὴν
269 4101 318 4154 τού
343 4101 456 4169 ἀγγέλου
476 4099 578 4171 φωνὴν,
596 4097 644 4153 τοῦ
668 4097 842 4169 ἐνδεδυμένον
856 4097 891 4151 τά
941 4107 981 4163 tu,
997 4096 1106 4164 liuniel,
1126 4101 1181 4154 uerti
1199 4101 1261 4167 leue,
1277 4109 1301 4155 et
1317 4100 1419 4171 quiesce
1433 4113 1443 4152 .·
1455 4100 1541 4153 udlrue
1554 4099 1688 4155 enimdiet
1698 4105 1725 4154 el

107 4189 234 4261 βύσσινα.
257 4190 328 4259 §qai
352 4189 405 4262 γάρ
426 4190 493 4263 πρός
517 4188 614 4245 αύτόν·
631 4187 688 4243 liei
701 4187 753 4252 σύ,
766 4185 890 4256 Δανιὴλ,
941 4188 1014 4244 ἰιοτα
1028 4200 1168 4259 culquam
1186 4189 1367 4260 compleantur
1381 4191 1481 4255 oruntio,
1498 4191 1726 4260 quemadmodum

103 4282 195 4352 δεῦρο
216 4281 450 4343 «durandus-
467 4281 511 4336 έτι
536 4282 593 4351 γύρ
609 4283 689 4335 εἰσιν
710 4278 818 4349 ἡμέραι
839 4277 890 4332 καί
940 4277 976 4332 de
995 4293 1028 4333 eo
1041 4278 1141 4333 dicitur
1156 4278 1183 4333 in
1206 4276 1339 4352 principio
1363 4281 1450 4336 tertie
1468 4281 1581 4336 visionis
1596 4298 1604 4336 t
1620 4279 1726 4338 litem

102 4369 175 4442 ὧροι
188 4375 234 4439 εἰς
246 4368 467 4442 ἀνακαύσωσιν
478 4373 668 4438 συντελείας.
691 4368 783 4434 καθὼς
801 4370 848 4423 καί
862 4371 892 4424 έν
940 4367 1039 4425 Daniel
1059 4371 1135 4441 quoti
1147 4375 1299 4427 nnnotertio
1312 4372 1378 4445 Curi
1392 4375 1468 4444 repis.
1483 4373 1540 4430 Hoc
1561 4374 1645 4445 igitur
1654 4391 1726 4433 arcuo

105 4466 140 4532 τη
156 4463 228 4531 ἀρχη
240 4462 289 4532 της
306 4462 405 4533 τρίτης
425 4462 549 4534 ὁράσεως
574 4461 684 4532 λέγεται
699 4460 765 4533 aspi
790 4457 888 4513 αύτού·
941 4458 1079 4514 tediheare
1095 4461 1186 4516 exorsi
1200 4462 1235 4516 ad
1252 4476 1365 4520 rurortem
1388 4481 1474 4535 usque
1487 4467 1550 4539 Cyri
1567 4466 1594 4520 in
1605 4467 1727 4522 adtue-

110 4551 165 4604 llul
178 4550 295 4620 ἐγένετο
309 4553 421 4619 Δανιὴλ
442 4555 482 4618 ὡς
499 4554 587 4619 έτους
604 4552 704 4621 τρίτου
723 4551 890 4621 τού-Κύρου
943 4549 1019 4604 tione
1046 4551 1233 4621 perstiterunt,
1249 4565 1367 4625 suntque
1385 4559 1449 4611 antri
1465 4559 1509 4614 δί).
1526 4557 1726 4627 liegnumrero

109 4639 163 4694 τοῦ
171 4641 331 4707 βασιλέως.
348 4642 442 4714 Τούτῳ
452 4639 498 4696 ούν
509 4642 548 4712 τῷ
559 4642 673 4712 ἐνιαυτῷ
683 4641 830 4713 ἀρξάμενοι
840 4640 890 4713 της
945 4641 1086 4697 obtinente
1105 4642 1239 4716 cambyse
1255 4645 1314 4712 eius
1328 4647 1392 4714 lulio,
1403 4664 1436 4702 ex
1451 4649 1635 4717 indigenarum
1648 4646 1725 4714 prin·

106 4731 260 4805 οἰκοδομῆς,
277 4730 386 4804 ἰμαιναν
402 4732 605 4802 οἰκοδομοῦντες
620 4733 672 4795 ἕως
690 4732 741 4802 τῆς
760 4730 890 4800 τελευτῆς
941 4732 1032 4803 cipum
1048 4732 1180 4791 dilatione
1197 4737 1352 4791 intermissa
1367 4748 1410 4792 est
1421 4737 1570 4791 exstructio
1581 4750 1630 4804 per
1640 4749 1729 4788 onnes

105 4821 198 4890 αύτού,
212 4823 259 4878 καί
275 4823 346 4877 εἰσὶν
359 4823 408 4895 ἰτη
422 4824 454 4877 λ’.
480 4823 691 4886 Βασιλεύσαντος
712 4823 740 4875 δὲ
752 4822 799 4875 τοῦ
828 4819 888 4875 υἰού
904 4814 926 4869 b
941 4835 1001 4876 sea.
1023 4821 1156 4879 Similiter
1178 4838 1211 4878 eo
1230 4835 1370 4894 regnante,
1395 4825 1442 4894 qui
1465 4824 1607 4893 ilaguseus
1623 4823 1724 4886 dietus,

106 4912 187 4966 αύτού
210 4912 370 4984 Καμόύαου,
391 4910 545 4966 κεκώλυται
564 4911 598 4966 ri
624 4912 674 4981 τῆς
696 4910 842 4981 οἰκοδομῆς
858 4909 887 4975 ἐξ
941 4925 985 4965 res
999 4927 1160 4981 perannum
1174 4913 1268 4984 jacuit.
1290 4915 1381 4970 liltore
1397 4929 1461 4969 uero
1478 4928 1548 4967 antro
1566 4914 1638 4983 tegis
1651 4912 1736 4969 Iisrrii-

106 5006 243 5078 ἀναφορᾶς
271 5005 328 5060 τῶν
356 5003 499 5076 ἰγγωρίων
525 5003 662 5076 ἀρχόντων
685 5001 743 5074 (od)
772 5001 821 5072 έτη
848 5008 884 5066 ς’.
940 5011 1002 5072 post
1013 5001 1179 5073 daganum,
1192 5005 1331 5060 iterumad
1346 5021 1414 5075 opus
1431 5004 1605 5062 zorobabelis
1618 5006 1727 5063 hortatu

142 5115 247 5173 ”usu
264 5120 337 5186 uni.
375 5121 399 5154 ²⁰
417 5121 484 5178 ibid.
510 5119 564 5175 dd.
601 5120 621 5151 ¹¹
643 5115 743 5174 ierem.
757 5134 807 5185 au,
822 5118 846 5172 7.

717 5240 771 5296 CL.
793 5241 975 5311 bubsuttutt
991 5242 1105 5300 ΝΟΜ.

137 5347 195 5419 (δύ)
218 5348 521 5437 Ἕγιιατέάειτοντὴν
532 5354 591 5436 γῆν
605 5373 676 5425 μου,
692 5357 815 5427 ἀφῆκαν
832 5358 890 5428 τὴν
939 5362 1025 5417 altero
1036 5362 1150 5416 inueniri
1163 5371 1261 5430 potest,
1274 5365 1325 5422 etsi
1341 5366 1442 5421 nullum
1452 5368 1527 5436 princ
1538 5367 1600 5438 ipse
1611 5368 1725 5426 tierent.

99 5418 382 5501 κλνψονομίρνμοο.
396 5422 481 5478 Brbha
496 5427 741 5496 rrtrrusqneiinguae
755 5427 890 5485 collocant
977 5431 1033 5502 (δύ)
1051 5432 1213 5500 ’δγχωρίων
1227 5434 1392 5504 ἀρχόντων.
1413 5438 1486 5494 iuter
1496 5452 1544 5494 eos
1555 5440 1727 5508 conspiratos

100 5489 159 5543 haec
182 5502 209 5540 m
234 5503 322 5557 prum
342 5505 468 5558 pensum,
492 5493 718 5562 ἐγκαταλέλοιπα,
739 5506 766 5550 et
782 5498 887 5567 deique,
940 5503 1062 5555 nourriuat
1082 5501 1216 5570 Iosephus
1237 5507 1283 5558 lib.
1309 5519 1356 5569 tt,
1381 5521 1406 5563 c.
1431 5508 1460 5572 ἀ,
1478 5510 1507 5573 5,
1530 5509 1727 5583 Rhadaman.

101 5557 231 5639 dereliqui
249 5567 278 5611 et
291 5559 391 5614 diuiti.
408 5560 523 5618 Prorsus
538 5564 606 5619 idem
622 5566 764 5647 utrqbique
779 5567 887 5634 dieitur,
937 5569 1103 5635 Belseruum,
1121 5570 1279 5642 Semeliunr,
1294 5576 1374 5645 alios,
1391 5579 1437 5649 qui
1454 5580 1642 5660 emergentem
1660 5580 1729 5638 ciri·

101 5637 155 5678 etat
174 5625 297 5680 nondum
313 5629 408 5683 eedem
433 5633 512 5687 modo
535 5643 702 5689 :suntenrm
720 5648 889 5702 eouueanu
939 5647 1022 5697 tatem
1037 5640 1237 5698 nonlerebaut.

103 5694 157 5749 tter
176 5697 273 5761 deseri,
295 5707 324 5752 et
342 5696 423 5754 Deum
438 5702 567 5775 decerem,-
579 5718 629 5761 uec
649 5704 763 5760 elutum
785 5705 889 5776 absque
